2956 4822
647 267 831 332 ,6-

169 440 284 518 posuit,
306 440 359 524 qui
374 439 507 516 priorem
522 438 645 515 librum,
666 443 832 517 postquam
848 458 928 498 anno
945 439 986 499 35
1003 460 1028 499 a.
1045 438 1116 500 Chr.
1130 459 1160 504 n.
1177 457 1303 516 separa·

170 544 228 602 tim
242 544 275 600 in
290 533 390 602 lucem
405 539 564 618 prodierit,
587 539 698 601 deinde
713 541 871 602 nonnullis
894 541 970 601 loeis
990 543 1172 602 retractatis
1196 546 1228 600 et
1250 560 1305 599 ex·

171 644 278 723 politis
301 642 392 704 simul
415 663 484 703 cum
507 642 642 703 secundo
675 643 756 704 libro
792 664 871 702 anno
894 646 936 704 30
957 646 1071 704 iterum
1094 644 1212 704 editum
1235 661 1305 703 esse

172 748 293 807 statuit.
330 745 421 805 Hanc
444 744 638 823 sententiam,
661 766 754 821 quarn
777 747 871 806 certis
893 747 1068 807 rationibus
1083 747 1119 807 L.
1134 745 1308 815 Muellerus,

173 869 241 910 sese
272 847 312 908 ad
349 847 503 924 liquidum
534 847 717 927 perduxisse
756 853 864 926 putat,
893 869 997 927 nunc,
1035 851 1180 926 quoniam
1215 867 1308 908 nemo

173 951 283 1028 adhuc,
307 949 389 1028 quod
412 953 522 1029 sciam,
554 952 683 1030 exstitit,
714 953 767 1028 qui
805 956 859 1011 aut
888 949 1055 1012 defendere
1085 957 1140 1011 aut
1162 949 1309 1012 refellere

173 1060 303 1114 conatus
325 1054 375 1130 sit,
397 1054 457 1114 sub
479 1055 665 1114 severiorem
687 1074 850 1114 censuram
872 1073 940 1114 sum
962 1065 1145 1132 vocaturus,
1175 1061 1210 1114 ut
1238 1056 1307 1131 ipse

173 1155 304 1232 videam,
334 1161 438 1216 utrum
460 1157 538 1217 satis
560 1155 657 1216 firmis
680 1163 712 1216 et
734 1157 831 1234 probe
851 1158 996 1235 expensis
1019 1158 1211 1234 argumentis
1235 1176 1309 1216 con·

174 1256 314 1319 firmetur
329 1278 376 1317 an
399 1278 525 1337 prorsus
549 1258 707 1319 reicienda
730 1261 780 1320 sit.

732 1534 756 1595 I.

264 1659 283 1737 ξ
306 1660 334 1717 2.
378 1657 516 1716 Primum
539 1663 762 1734 argumentum,
786 1676 845 1732 quo
868 1655 903 1716 L.
926 1654 1153 1715 Muellerus
1177 1654 1217 1713 ad
1239 1672 1312 1713 sen-

177 1761 309 1821 tentiam
331 1758 522 1820 fulciendam
544 1760 700 1835 innititur,
730 1760 867 1836 pertinet
890 1757 929 1818 ad
952 1759 1078 1818 tertiam
1099 1759 1213 1835 prioris
1235 1756 1311 1815 libri

146 1860 148 1866 ’
178 1865 316 1924 satiram.
361 1863 460 1936 Quam
491 1868 596 1922 censet
619 1882 681 1921 non
706 1862 803 1921 multo
833 1867 906 1940 post
928 1861 1053 1938 Tigellii
1082 1866 1211 1919 mortem
1241 1879 1310 1920 esse

180 1967 382 2045 compositam
412 1986 491 2025 anno
521 1967 564 2025 40
592 1965 643 2026 vel
670 1967 726 2042 39,
757 1985 816 2042 quo
847 1963 934 2026 nulla
965 1966 1049 2024 inter
1077 1964 1243 2023 Horatium
1274 1983 1314 2022 ac

179 2069 393 2129 Maecenatem
409 2068 598 2128 consuetudo
613 2068 834 2145 intercesserit,
857 2073 967 2144 postea
990 2073 1102 2144 autern,
1126 2086 1195 2125 cum
1218 2071 1312 2143 poeta

180 2174 213 2232 in
236 2173 302 2231 eius
324 2169 569 2231 familiaritatem
590 2176 735 2249 receptus
758 2175 848 2248 esset,
871 2172 984 2230 iterum
1007 2170 1123 2230 editam
1146 2189 1238 2231 versu
1262 2170 1312 2241 63,

181 2277 214 2334 in
237 2295 297 2351 quo
320 2274 512 2335 Maecenatis
534 2276 649 2334 mentio
672 2273 737 2351 fiat,
761 2274 934 2350 adiect01).
978 2273 1017 2332 In
1039 2272 1098 2332 hoc
1120 2274 1202 2332 enim
1220 2291 1314 2332 versu

182 2374 314 2436 offendit
335 2377 523 2454 Muellerus,
555 2379 628 2453 quia
655 2383 748 2455 poeta
772 2377 915 2437 versibus
939 2376 1064 2436 55-95
1088 2374 1212 2435 diversa
1237 2376 1312 2434 ami-

183 2499 288 2540 corum
302 2481 381 2540 vitia
397 2500 549 2556 nusquam
565 2482 659 2541 certis
682 2480 831 2557 exemplis
854 2478 1043 2558 comprobat,
1066 2498 1166 2554 neque
1189 2479 1316 2538 urbani·

184 2582 244 2641 tati
266 2581 459 2643 Maecenatis
481 2589 574 2661 putat
597 2589 702 2661 aptam
726 2602 794 2643 esse
818 2602 919 2643 acrem
934 2581 1212 2659 reprehensionem,
1235 2601 1317 2656 quae

184 2685 261 2743 insit
282 2686 315 2743 in
337 2686 457 2746 verbis:
480 2686 661 2764 „molestusl
685 2686 838 2746 communi
860 2704 953 2744 sensu
975 2683 1069 2761 plane
1088 2684 1190 2743 caret“
1214 2703 1316 2760 neque

184 2787 273 2846 illam
288 2808 349 2847 non
363 2790 465 2848 minus
480 2809 606 2866 gravem
623 2789 934 2848 animadversionem:
961 2785 1076 2864 „Eheu
1093 2806 1185 2863 quam
1199 2791 1316 2845 temere

185 2892 219 2949 in
240 2897 362 2950 nosmet
384 2891 485 2967 legem
507 2894 663 2971 sancimus
685 2893 849 2967 iniquam“.

273 2992 318 3053 Ut
354 2993 497 3053 Muelleri
528 2996 715 3055 sententiam
751 2992 972 3071 diiudicemns,
1002 2999 1106 3052 utrum
1136 2989 1317 3069 accipienda

188 3116 228 3155 an
250 3096 407 3156 reicienda
430 3099 480 3174 sit,
513 3117 638 3157 necesse
661 3103 709 3157 est
731 3096 809 3156 duas
832 3097 1030 3173 quaestiones
1052 3096 1224 3172 instituere,
1255 3095 1320 3171 pri-

187 3219 285 3275 mum,
320 3198 442 3275 quando
466 3205 607 3278 exempto
630 3219 724 3259 versu
746 3201 787 3259 63
817 3204 885 3258 tota
907 3199 1006 3258 satira
1029 3198 1142 3257 emissa
1164 3197 1319 3274 videatur,

189 3299 301 3360 deinde
332 3323 391 3378 quo
419 3309 556 3380 tempore
585 3301 636 3360 hic
663 3321 771 3362 versus
795 3302 984 3379 compositus
1007 3319 1075 3360 esse
1097 3301 1205 3376 possit.
1250 3298 1318 3370 Qua

189 3407 222 3463 in
246 3407 426 3480 quaestione
448 3408 476 3466 si
497 3406 707 3465 invenerimus
729 3403 811 3464 huno
833 3422 958 3464 versum
981 3401 1021 3461 ad
1044 3403 1218 3481 posteriora
1241 3406 1317 3460 tem-

190 3527 266 3585 pora
288 3506 484 3568 referendum
507 3527 590 3585 esse,
621 3508 785 3586 apparebit
807 3507 972 3565 Horatium
994 3505 1075 3564 hanc
1097 3504 1226 3563 satiram
1247 3507 1320 3580 post

191 3613 322 3687 primam
345 3609 511 3671 editionem
534 3613 645 3671 iterum
668 3611 741 3669 lima
763 3603 967 3689 persecutum
982 3627 1058 3669 esse.

279 3714 299 3791 ξ
330 3715 357 3775 3.
409 3714 456 3773 Ac
489 3715 621 3791 primum
651 3711 733 3789 quod
767 3712 808 3771 ad
836 3712 923 3770 illam
954 3711 1167 3788 quaestionem
1199 3710 1321 3786 attinet,

193 3816 316 3893 quando
346 3817 443 3875 satira
472 3818 566 3876 tertia
596 3817 767 3893 composita
796 3817 852 3892 sit,
885 3819 917 3873 et
949 3812 1117 3873 secundam
1139 3811 1268 3871 satiram
1291 3818 1323 3872 et

193 3922 318 3978 tertiam
356 3919 516 3978 exordium
558 3939 576 3977 a
612 3916 739 3994 Tigellii
771 3917 908 3977 moribus
954 3913 1167 3974 describendis
1203 3934 1324 3974 sumere

194 4024 301 4084 statim
325 4028 462 4101 apparet,
493 4022 539 4080 ita
562 4026 681 4099 tamen,
710 4026 746 4079 ut
768 4020 935 4080 secundam
964 4021 1037 4076 ante
1059 4019 1186 4076 tertiam
1208 4015 1323 4077 factam

237 4258 239 4263 y
282 4191 307 4258 l)
339 4188 532 4259 Hitzigium
566 4187 650 4242 huius
686 4186 836 4240 sententiae
865 4188 1005 4240 auctorem
1045 4201 1103 4239 asse
1138 4183 1254 4245 adnotat
1291 4182 1326 4239 L.

195 4275 362 4330 Muellerus:
390 4276 482 4330 locum
495 4273 624 4331 invenire
640 4288 697 4328 non
714 4273 801 4344 potui.
