2956 4822
633 264 825 329 ..7-

135 445 142 461 '
164 453 234 495 esse
249 434 391 514 apertum
406 436 456 496 sit.
495 433 586 507 Quod
602 441 638 494 ut
653 437 699 494 ita
721 439 897 495 statuamus
919 431 1019 494 efficit
1040 435 1188 513 temporis
1210 454 1298 512 prae-

164 537 263 598 sentis
285 557 361 598 usus
383 538 415 596 in
439 537 565 597 exordio
588 538 705 597 satirae
730 537 886 598 secundae
908 542 941 596 et
954 538 1118 615 praeteriti
1139 537 1173 597 in
1195 537 1298 598 tertia.

164 637 309 700 Secunda
331 640 413 700 enim
435 640 481 698 sic
503 640 632 718 incipit:

294 741 558 819 „Ambubaiarum
581 742 722 820 collegia,
744 741 1013 820 pharmacopolae,

293 844 437 921 Mendici,
460 846 579 921 mimae,
602 844 791 922 balatrones,
813 844 873 905 hoo
894 864 993 921 genus
1016 864 1104 904 omne

293 947 449 1007 Maestum
472 966 509 1007 ac
531 946 701 1007 sollicitum
724 953 787 1008 est
811 948 948 1008 cantoris
970 952 1069 1007 morte
1092 946 1233 1024 Tigell'u“

165 1049 318 1112 Nimirum
354 1050 441 1110 istud
485 1051 568 1126 ‚,est“
608 1055 692 1110 certe
727 1049 813 1110 nullo
847 1056 939 1128 paeto
972 1050 1076 1127 potuit
1106 1047 1145 1108 de
1175 1048 1299 1108 homine

162 1152 282 1226 ¹dudum
313 1158 433 1212 mortuo
464 1151 541 1230 dici,
571 1158 607 1211 ut
635 1152 728 1230 plane
762 1172 890 1214 necesse
919 1155 962 1212 sit
991 1152 1048 1213 hos
1086 1171 1196 1214 versus
1232 1157 1299 1212 tum

163 1257 298 1334 scriptos
328 1275 405 1333 esse,
439 1275 509 1315 cum
531 1255 684 1332 Tigellius
714 1256 805 1314 modo
828 1254 995 1316 defunctus
1026 1260 1117 1315 esset.
1161 1253 1299 1314 Tertiam

164 1377 238 1419 vero
261 1360 391 1418 satiram
412 1363 506 1435 poeta
528 1359 573 1418 sio
594 1358 738 1419 incohat:

293 1459 463 1537 „Omnibus
485 1459 544 1519 hoc
565 1461 678 1520 vitium
700 1466 750 1521 est
772 1460 961 1537 cantoribus,
983 1461 1066 1519 inter
1088 1460 1204 1519 amicos

294 1562 340 1622 Ut
360 1581 529 1638 numquam
550 1561 702 1622 inducant
725 1565 860 1623 animum
884 1568 1011 1622 eantare
1033 1564 1144 1640 rogati,

295 1663 413 1724 Iniussi
435 1683 602 1740 numquam
624 1665 787 1726 desistant.
831 1664 949 1726 Sardus
972 1664 1153 1724 habebat

294 1766 354 1825 Ille
377 1765 532 1843 Tigellius
555 1766 639 1828 hoc“.

251 1869 320 1928 Hoc
336 1888 409 1928 vero
428 1870 490 1929 nisi
512 1870 551 1928 de
567 1869 701 1947 Tigellio
724 1869 841 1930 dudum
862 1876 984 1930 mortuo
1005 1890 1067 1930 non
1089 1869 1207 1930 dictum
1230 1890 1299 1931 esse

165 1992 257 2050 posse
284 1991 373 2032 nemo
403 1977 452 2031 est
481 1974 556 2048 quin
589 1971 706 2032 videat.
758 1972 849 2033 Unde
882 1993 942 2032 non
976 1978 1025 2033 est
1055 1972 1191 2046 dubium,
1223 1973 1299 2048 quin

166 2076 264 2135 satira
287 2072 424 2134 secunda
447 2078 520 2133 ante
543 2076 673 2134 satiram
695 2077 820 2136 tertiam
843 2077 1015 2153 composita
1038 2078 1089 2136 sit.

251 2177 318 2249 Quo
335 2196 408 2236 vero
425 2196 506 2235 anno
529 2178 666 2238 secunda
689 2180 787 2238 satira
804 2181 981 2256 conscripta
997 2180 1040 2238 sit
1061 2198 1145 2238 nuno
1168 2197 1298 2255 quaera-

166 2299 251 2340 mus:
268 2299 329 2355 que
344 2281 527 2354 quaestione
539 2279 685 2340 absoluta
701 2282 742 2341 ad
757 2283 870 2341 tertiae
885 2287 1020 2341 aetatem
1032 2275 1299 2341 determinandam

167 2380 318 2442 utendum
341 2382 408 2442 erit

251 2484 357 2561 Atque
379 2483 431 2544 hic
459 2485 592 2563 primum
614 2485 780 2546 dicendum
802 2493 852 2547 est
881 2488 965 2547 inter
986 2488 1070 2547 viros
1093 2485 1210 2562 doctos,
1238 2506 1299 2562 quo

166 2595 305 2667 tempore
326 2589 425 2648 satira
447 2589 565 2666 scripta
587 2590 638 2666 sit,
661 2588 902 2666 haudquaquam
924 2590 1097 2665 convenire,
1127 2608 1196 2648 oum
1218 2587 1299 2648 indi·

167 2694 263 2769 cium,
294 2711 354 2767 quo
385 2690 440 2750 alii
468 2696 627 2768 tamquam
648 2691 823 2752 firmissimo
851 2691 1053 2753 fundamento
1085 2693 1183 2751 totius
1206 2711 1299 2767 quae·

166 2796 279 2856 stionis
301 2796 351 2854 usi
372 2799 456 2870 sunt,
480 2793 535 2853 alii
556 2793 649 2872 plane
671 2796 844 2855 reiecerint.
882 2795 996 2872 Agitur
1018 2795 1100 2855 enim
1123 2793 1162 2854 de
1185 2797 1301 2854 satirae

166 2895 322 2958 secundae
364 2915 457 2956 versu
494 2898 534 2956 25
569 2897 759 2974 „Malthinus
801 2900 917 2958 tunicis
949 2896 1092 2958 demissis
1133 2897 1301 2960 ambulat“.

166 3000 380 3059 Maecenatem
410 2999 462 3058 hic
490 2999 549 3059 sub
572 2999 720 3060 Malthini
743 3020 876 3079 persona
904 3001 1004 3060 latere
1027 2999 1216 3060 scholiastae
1238 3019 1300 3060 me·

167 3104 283 3161 moriae
312 3100 525 3179 prodiderunt.
569 3102 671 3163 Schol.
701 3102 808 3181 Gruq.:
842 3103 1007 3181 „Malthini
1027 3105 1151 3162 nomine
1173 3100 1301 3178 quidam

167 3204 382 3265 Maecenatem
410 3203 581 3280 significari
605 3208 812 3284 suspicantur.
855 3207 942 3266 Are
969 3210 1073 3264 autem
1101 3205 1171 3282 ipsa
1192 3203 1300 3288 fictum

168 3312 217 3367 est
238 3326 366 3366 nomen:
388 3300 544 3380 μαλθακός
567 3313 598 3366 et
621 3303 753 3382 μαλακός
773 3307 856 3368 idem
879 3314 936 3387 est,
960 3308 1042 3385 quod
1064 3307 1167 3368 mollis
1190 3314 1223 3368 et
1245 3308 1300 3370 de·

167 3411 291 3470 licatus.
334 3409 431 3468 Porro
464 3415 568 3468 autem
601 3411 716 3471 tunicis
748 3411 892 3472 demissis
924 3409 1083 3470 ambulare
1113 3429 1218 3470 eorum
1243 3418 1300 3483 est.

169 3514 222 3591 qui
255 3533 289 3573 se
321 3512 432 3573 molles
465 3518 498 3571 et
530 3512 682 3573 delicatos
715 3513 824 3575 haberi
857 3513 992 3575 volunt.“
1045 3512 1174 3592 Porph:
1218 3513 1302 3591 „Sub

167 3616 315 3676 Malthini
344 3616 468 3675 nomine
497 3614 624 3691 quidam
646 3615 861 3676 Maecenatem
890 3618 1090 3693 suspicantur
1119 3614 1300 3694 significari,

169 3738 188 3777 a
202 3738 236 3777 re
251 3724 355 3778 tamen
370 3717 477 3778 finxit:
507 3713 664 3792 μαλθακός
686 3721 768 3780 enim
791 3720 881 3797 quasi
896 3713 1027 3794 μαλακός
1049 3720 1172 3779 dicitur.
1202 3720 1302 3779 Porr'o

169 3827 272 3880 autem
294 3824 410 3881 tunicis
432 3822 576 3883 demissis
599 3823 759 3883 ambulare
782 3843 887 3883 eorum
909 3829 965 3901 est,
999 3826 1053 3900 qui
1074 3843 1108 3883 se
1131 3823 1240 3884 molles
1264 3843 1301 3884 ac

169 3921 320 3983 delicatos
354 3923 464 3983 haberi
493 3925 627 3986 volunt.“
680 3924 875 3986 Pseudacro:
913 3926 1058 4003 „Tunicis
1081 3926 1234 4002 demissis,
1264 3932 1300 3985 ut

168 4025 230 4086 sibi
263 4025 412 4086 honestus
446 4028 599 4088 videatur.
661 4028 843 4107 Composuit
877 4034 981 4089 autem
1013 4047 1125 4088 nomen
1159 4031 1248 4104 quasi
1280 4046 1303 4090 a·-

169 4121 325 4204 μαλθακός
346 4127 529 4190 Malthinus.
566 4130 780 4191 Maecenatem
802 4134 921 4209 tangit:
944 4134 1103 4192 varicosus
1127 4133 1208 4190 enim
1231 4129 1300 4209 fuit,

169 4230 334 4291 delicatior
357 4236 389 4290 et
411 4230 558 4292 solutus.“
