2956 4822
649 301 854 367 ‚37-

184 472 349 549 quicquam
374 472 478 549 aptius
501 477 533 531 et
554 471 665 532 melius
694 471 734 531 ab
756 471 888 531 Horatio
918 470 980 531 dici
1008 473 1147 550 potuisse
1178 475 1316 550 apparet.

177 576 337 648 Quomodo
358 594 433 635 vero
456 574 522 652 hoc,
554 574 636 650 quod
661 575 702 634 ad
732 579 877 652 „nempe“
915 575 1121 654 supplendum
1150 579 1213 651 est,
1243 590 1314 633 cnm

179 678 344 755 sententia,
367 697 446 753 quae
468 676 500 736 in
523 676 648 738 exordio
672 676 820 755 exposita,
843 684 892 737 est
913 681 958 736 ita
980 677 1126 754 coniungi
1147 679 1255 755 possit,
1277 681 1313 734 ut

178 780 370 842 continuatio
393 780 545 856 quaedam
567 778 730 858 efficiatur,
753 779 896 855 equidem
918 799 979 840 non
1001 779 1158 858 intellego,

265 883 374 960 Neque
397 884 429 942 in
452 902 487 942 eo
511 881 730 943 offendendum
753 890 809 960 est,
838 883 920 959 quod
943 891 1036 960 poeta
1057 883 1198 960 legentes
1221 901 1313 942 voca·

179 987 251 1048 bulo
270 988 417 1064 „nempe“
434 984 467 1045 in
481 986 637 1046 vestibulo
652 985 745 1045 huius
761 984 875 1045 satirae
890 985 991 1063 posito
1014 986 1121 1046 statim
1141 988 1175 1043 in
1193 981 1312 1043 medias

177 1111 228 1150 res
251 1091 343 1167 rapit.
390 1087 546 1165 „Nempe“
565 1095 673 1149 contra
696 1089 796 1148 solere
820 1087 964 1148 collocari
988 1089 1028 1147 ab
1051 1086 1140 1147 initio
1163 1085 1311 1146 orationis

179 1201 274 1276 atque
296 1191 427 1251 multum
445 1190 619 1251 venustatis
635 1195 667 1250 in
684 1190 743 1251 hoa
764 1189 939 1269 praefracto
962 1189 1087 1251 exordio
1110 1189 1213 1251 inesse
1230 1186 1312 1249 vidit
1351 1249 1352 1252 ,

178 1297 240 1354 iam
262 1293 451 1371 Lambinus,
480 1296 534 1369 qui
565 1314 628 1353 non
659 1293 748 1353 modo
770 1297 803 1353 in
826 1292 885 1352 hac
907 1293 1042 1372 abrupta
1064 1290 1312 1368 breviloquentia

178 1418 240 1456 non
262 1396 447 1473 haesitabat,
470 1396 525 1456 sed
549 1396 642 1455 etiam
663 1395 740 1455 talia
760 1394 913 1474 principia
934 1396 1037 1473 planis
1067 1395 1143 1454 adeo
1165 1395 1311 1472 integris-

179 1520 240 1577 que
256 1497 457 1575 anteferebat,
477 1499 578 1573 „quod
593 1497 743 1574 quaedam
759 1497 974 1573 relinquantur
988 1497 1121 1556 auditori
1137 1518 1192 1558 seu
1202 1496 1312 1557 lectori

178 1602 282 1681 potius
304 1600 583 1678 subintellegenda,
608 1620 687 1676 quae
710 1599 994 1677 subintellegantur
1016 1599 1195 1660 concinnius
1218 1619 1310 1675 quam

177 1726 197 1765 a
218 1700 310 1783 poeta
334 1701 607 1782 exprimerentur“.
652 1702 757 1778 Atque
778 1703 880 1763 Persii
910 1702 1101 1780 temporibus
1133 1706 1165 1762 in
1195 1703 1310 1763 satirae

177 1806 330 1886 principio
352 1806 430 1864 illud
456 1809 602 1883 „nempe“
628 1804 726 1865 fuisse
749 1804 839 1865 docet
861 1805 955 1865 tertia
977 1806 1043 1864 eius
1066 1807 1170 1883 satira,
1192 1804 1248 1865 ubi
1270 1805 1310 1864 ab

179 1910 286 1970 eodem
309 1907 420 1968 audaci
436 1907 490 1968 illo
514 1916 546 1968 et
567 1907 644 1968 miro
670 1911 817 1986 „nempe“
841 1908 966 1967 initium
987 1907 1031 1968 fit.
1055 1908 1197 1969 Persium
1219 1907 1310 1984 enim,

148 2038 151 2042 ⁴
177 2013 265 2074 cuius
289 2013 425 2073 carmina
454 2011 560 2071 studia
582 2011 721 2071 redolere
744 2011 917 2072 Horatiana
946 2011 1028 2070 inter
1050 2031 1155 2071 omnes
1179 2016 1309 2088 constat,

176 2116 221 2175 ita
257 2115 385 2189 satiram
416 2133 477 2172 non
508 2113 724 2173 incohatarum
754 2112 859 2191 fuisse,
891 2113 951 2173 nisi
973 2114 1137 2173 Horatium
1167 2113 1308 2173 imitatus

177 2224 268 2295 esset,
292 2217 485 2295 exploratum
508 2215 666 2276 habemus.

262 2321 282 2400 ξ
305 2321 354 2379 22.
399 2317 520 2390 Quibus
543 2318 685 2378 omnibus
708 2318 858 2397 expositis
880 2324 1036 2397 postremo
1059 2327 1169 2398 sponte
1188 2317 1310 2397 appari·

176 2432 280 2484 turum
296 2443 364 2484 esse
377 2439 544 2500 speramus,
567 2422 642 2498 quid
666 2422 704 2481 de
726 2420 787 2480 fide
810 2427 842 2481 et
864 2423 1049 2481 auctoritate
1072 2421 1164 2483 huius
1187 2420 1306 2481 exordii

175 2525 415 2586 existimandum
447 2528 497 2586 sit
549 2525 633 2597 Quos
663 2533 732 2586 octo
765 2546 872 2587 versus
905 2546 1005 2603 neque
1027 2533 1147 2604 partem
1170 2526 1306 2587 decimae

174 2631 293 2690 satirae
316 2627 414 2689 fuisse
444 2648 544 2705 neque
567 2628 689 2689 omnino
722 2629 762 2688 ab
784 2630 915 2689 Horatio
938 2627 1095 2707 profectos
1125 2649 1193 2689 esse
1216 2649 1306 2706 argu·

176 2731 288 2792 mentis
310 2733 387 2792 satis
410 2731 507 2791 firmis
530 2733 746 2810 comprobasse
768 2733 857 2792 nobis
879 2732 1028 2793 videmur.

260 2835 382 2915 Restat,
405 2842 441 2895 ut
454 2835 648 2913 indagemus,
664 2836 733 2912 quis
749 2843 780 2895 et
796 2835 883 2896 ouius
900 2837 1012 2896 aetatis
1035 2836 1145 2897 horum
1161 2854 1305 2895 versuum

174 2947 283 2999 auctor
304 2937 408 2998 fuerit.
443 2935 634 3012 Quamquam
658 2937 739 2997 enim
761 2938 842 2998 hanc
865 2940 1077 3015 quaestionem
1100 2938 1137 2997 ab
1160 2935 1304 2997 instituto

126 3093 129 3097 ,
174 3048 279 3100 nostro
310 3041 441 3100 alienam
471 3059 539 3100 esse
569 3041 653 3100 haud
681 3040 806 3119 ignoro,
838 3048 941 3102 tamen
972 3061 1098 3121 prorsus
1129 3059 1196 3099 eam
1229 3059 1304 3116 neg·

173 3142 277 3221 legere
299 3142 365 3203 sine
388 3143 664 3218 argumentationis
687 3142 872 3203 detrimento
894 3164 954 3204 non
977 3162 1111 3221 possum.

259 3246 363 3320 Atque
394 3243 553 3305 Orellio
589 3245 778 3306 videbantur
810 3266 919 3306 versus
959 3245 1144 3321 ,Frontonis
1181 3244 1305 3306 circiter

174 3354 320 3426 tempore,
344 3368 403 3424 quo
428 3348 647 3429 controversia,
670 3356 774 3408 utrum
796 3346 991 3427 praeferendi
1014 3354 1117 3408 essent
1137 3347 1304 3427 scriptores

174 3449 311 3528 Augusti
333 3456 466 3510 aetatem
488 3450 680 3528 praegressi,
710 3472 749 3510 an
779 3453 832 3527 qui
860 3451 919 3511 sub
942 3451 1084 3528 Augusto
1106 3450 1305 3530 scripserunt,

172 3555 255 3613 inter
277 3555 469 3628 antiquarios
493 3561 524 3613 et
547 3555 753 3613 recentiorum
778 3553 963 3631 scriptorum
986 3552 1189 3614 admiratores
1212 3574 1305 3629 quam

172 3655 304 3715 maxime
337 3656 532 3733 agitabatur,
564 3655 725 3732 compositi
756 3655 794 3714 ab
826 3655 948 3714 homine
978 3656 1092 3733 otioso,
1125 3656 1178 3731 qui
1211 3657 1305 3716 animi

171 3778 266 3818 cansa
288 3767 464 3819 tentaturus
481 3765 556 3836 erat,
580 3779 639 3835 quo
661 3758 752 3817 modo
776 3757 935 3817 exordium
958 3759 1180 3834 qualecumque
1204 3761 1305 3838 aptari

170 3869 278 3940 posset
308 3864 441 3921 sermoni
471 3862 578 3938 ntique
608 3861 781 3939 abruptiori
806 3906 812 3920 .
835 3907 842 3920 .
868 3911 874 3925 .
898 3866 923 3920 .“
971 3861 1084 3922 Nescio
1108 3883 1146 3921 an
1171 3861 1304 3924 Orellius

172 3964 253 4024 hanc
275 3967 461 4024 sententiam
485 3964 689 4043 proposuerit,
723 3982 792 4023 cum
815 3962 987 4024 offenderet
1016 3965 1048 4024 in
1075 3963 1304 4058 ,exhortatus“,

170 4067 253 4142 quod
268 4067 393 4144 passivo
409 4087 502 4128 sensu
519 4067 693 4127 adhibitum
709 4088 769 4126 non
792 4068 958 4144 ignorabat
981 4070 1020 4127 ab
1036 4067 1159 4127 Horatii
1180 4067 1304 4144 ingenio

167 4177 202 4229 et
233 4178 334 4229 aetate
363 4171 456 4248 plane
485 4169 665 4247 abhorrere,
696 4171 752 4230 sed
783 4189 852 4229 oum
883 4192 941 4232 usn
970 4170 1099 4231 secundi
1129 4191 1158 4248 p.
1182 4169 1252 4230 Chr.
1275 4191 1304 4230 n.

168 4273 288 4336 saeculi
318 4273 397 4333 bene
428 4275 600 4332 convenire.
645 4272 735 4345 Quod
763 4292 836 4333 vero
865 4274 995 4334 verbum
1029 4272 1209 4348 „hortatus“
1243 4292 1306 4332 non
