2956 4822
637 275 848 341 ..30-

176 458 363 520 poenamque
385 443 437 504 hic
460 445 604 504 similiter
627 445 721 506 dese
752 448 821 523 ipso
844 448 1025 525 praedicare
1055 451 1194 510 voluisse
1218 457 1318 525 atque

175 545 266 624 epist.
289 546 331 623 Π,
357 548 383 622 1,
407 549 448 606 70
469 547 532 606 illis
555 549 675 608 verbis:

576 655 718 727 „memini
741 673 819 728 quae
841 654 1004 731 plagosum
1026 656 1103 715 mihi
1125 676 1222 734 parvo

307 752 460 814 Orbilium
485 753 631 832 dictare“,

174 874 282 914 eorum
305 858 491 916 sententiam
513 857 605 935 plane
628 878 646 916 a
671 861 805 919 veritate
828 860 994 920 abhorrere
1017 881 1078 921 non
1101 863 1207 922 multis
1231 882 1315 941 opus

175 967 225 1018 est
248 960 466 1019 demonstrare.
1371 956 1373 960 ’

262 1062 380 1138 Eodem
424 1064 514 1123 modo
552 1063 744 1124 Doederlinii
780 1069 967 1126 sententiam
1008 1068 1195 1129 reiciendam
1241 1088 1314 1130 esse

176 1187 347 1242 censemus,
376 1170 429 1242 qui
458 1167 563 1227 verbis
593 1188 672 1244 quae
702 1174 775 1229 sunt
808 1170 886 1248 „illo‚
916 1170 968 1245 qui
994 1171 1124 1231 multum
1153 1191 1232 1249 puer
1262 1180 1314 1232 est

176 1271 251 1330 loris
274 1279 306 1329 et
327 1269 455 1331 funibus
484 1273 554 1332 udis
577 1277 741 1333 exoratus“
766 1274 931 1333 Horatium
959 1274 1060 1352 ipsum
1083 1272 1255 1351 significari
1281 1282 1315 1334 et

175 1380 341 1448 sequentes
357 1394 465 1435 versus
485 1383 538 1449 „ut
553 1384 636 1435 esset
652 1395 740 1452 opem
756 1378 809 1452 qui
824 1375 906 1437 ferre
922 1379 1023 1454 poetis
1043 1378 1178 1452 antiquie
1201 1385 1314 1454 posset

175 1485 286 1535 contra
308 1476 434 1537 fastidia
463 1481 587 1538 nostra“
621 1479 661 1538 ad
691 1481 791 1557 ipsum
814 1480 980 1539 Horatium
1004 1479 1117 1549 referri,
1135 1480 1212 1540 vult.
1258 1482 1313 1539 An

177 1579 326 1640 Horatius
357 1581 417 1640 iam
447 1602 524 1658 puer
554 1602 571 1640 a
594 1584 742 1658 magistro
764 1583 946 1642 verberibus
969 1583 1058 1658 quasi
1084 1582 1125 1641 ad
1147 1583 1313 1643 doctrinae

174 1683 315 1743 studium
346 1684 521 1760 compulsus
553 1692 608 1760 est,
638 1693 673 1743 ut
697 1686 832 1760 antiquis
855 1687 956 1763 poetis
980 1693 1087 1745 contra
1110 1687 1247 1745 carmina
1271 1687 1313 1746 ab

177 1787 246 1864 ipso
278 1785 382 1846 futuro
414 1794 552 1863 tempore
576 1787 785 1864 componenda
817 1791 976 1867 suppetias
999 1787 1102 1865 ferret,
1125 1789 1314 1865 praesertim

175 1908 246 1947 cum
291 1888 346 1947 illa
391 1895 492 1948 aetate
529 1888 643 1947 Lucilii
681 1892 817 1949 earmina
854 1891 892 1950 ab
931 1892 1071 1951 omnibus
1108 1891 1314 1951 vehementer

176 1993 401 2052 laudarentur?
445 1992 513 2052 Hoc
536 2011 617 2069 vero,
640 1995 667 2052 si
690 1993 765 2069 quid
788 1995 887 2070 video,
918 1994 956 2052 ab
981 1996 1063 2053 omni
1085 1994 1313 2072 probabilitate

176 2094 333 2155 abhorret.
1306 2093 1310 2097 ’

263 2199 326 2256 Alii
350 2199 462 2259 deinde
486 2199 626 2259 adhibito
642 2200 781 2259 Suetonii
796 2199 823 2278 1)
847 2200 929 2259 loco:
956 2199 1162 2276 „Scribonius
1185 2198 1314 2277 Aphro·

90 2291 92 2297 Α
175 2301 283 2380 disius,
307 2303 419 2364 Orbilii
434 2294 542 2364 servus
558 2310 650 2379 atque
667 2303 845 2380 discipulus,
869 2323 939 2362 mox
964 2324 982 2362 a
998 2302 1159 2362 Scribonia
1175 2303 1313 2362 Libonia

169 2402 244 2482 filia,
268 2426 345 2481 quae
362 2408 447 2483 prior
461 2407 597 2483 Augusti
612 2427 690 2465 uxor
704 2404 814 2482 fuerat,
837 2405 1015 2482 redemptus
1031 2416 1062 2466 et
1085 2406 1306 2483 manumissuS,

168 2507 277 2567 docuit
300 2529 359 2584 quo
375 2510 504 2568 Verrius
528 2520 674 2586 tempore,
699 2511 786 2568 cuius
803 2511 896 2567 etiam
919 2509 1008 2568 libris
1025 2509 1063 2568 de
1079 2508 1306 2586 orthographia

169 2613 346 2688 rescripsit,
381 2633 442 2671 non
471 2600 538 2672 sine
569 2614 773 2672 insectatione
803 2611 975 2671 studiorum
1005 2632 1182 2688 morumque
1212 2612 1301 2673 eius“

168 2715 361 2774 concludunt
394 2715 445 2774 hic
479 2716 674 2776 Scribonium
697 2715 919 2791 Aphrodisium
950 2735 1018 2774 esse
1050 2714 1305 2791 intellegendum.

172 2817 262 2876 Hanc
292 2818 499 2877 coniecturam
529 2819 613 2877 nullo
644 2818 704 2876 alio
734 2819 812 2876 alius
842 2817 1003 2895 scriptoris
1032 2819 1100 2877 loco
1131 2818 1305 2878 stabilitam

169 2921 262 2980 nimis
285 2922 432 2980 audacem
462 2941 529 2981 esse
560 2929 591 2980 et
621 2941 677 2997 ego
708 2929 782 2997 puto
813 2923 965 2980 neminem
994 2941 1056 2979 non
1079 2919 1248 2980 concedere
1272 2929 1305 2980 et

171 3023 408 3084 Teuffelius
438 3026 514 3102 ipse,
545 3025 597 3099 qui
626 3024 706 3083 hanc
735 3025 920 3083 sententiam
949 3044 1023 3101 prae
1053 3024 1122 3082 aliis
1153 3022 1305 3101 defendit,

168 3126 334 3205 intellexit,
357 3147 425 3186 cum
448 3134 557 3205 postea
580 3127 618 3184 ab
642 3146 744 3186 errore
767 3125 975 3203 recederet2).

258 3231 354 3305 Novo,
371 3231 426 3291 sed
443 3228 560 3290 infelici
576 3231 717 3288 acumine
733 3228 990 3306 Nipperdeius
1006 3229 1066 3288 loci
1083 3227 1303 3288 difficultatem

169 3352 319 3409 superare
348 3333 476 3393 studuit.
521 3332 553 3390 Is
577 3335 656 3390 enim
679 3337 765 3390 ratus
788 3330 897 3389 horum
919 3350 1064 3391 versuum
1088 3339 1254 3409 auctorem,
1276 3332 1303 3392 si

169 3435 225 3495 ille
248 3445 339 3513 esset,
370 3456 460 3512 quem
484 3434 623 3494 Orbilius
646 3435 782 3509 antiquis
804 3435 905 3511 poetis
929 3453 1017 3510 opem
1039 3431 1120 3493 ferre
1143 3434 1303 3512 voluisset,

171 3539 270 3600 verba
304 3548 430 3611 „contra
459 3537 588 3597 fastidia
617 3542 754 3611 nostra“,
786 3543 820 3594 ut
849 3555 882 3595 se
913 3538 1015 3613 ipsum
1038 3536 1218 3613 includeret,
1241 3557 1304 3598 non

171 3642 361 3720 scripturum
392 3640 489 3700 fuisse
522 3641 643 3700 censuit
672 3639 860 3715 singularem
892 3657 1066 3715 numerum,
1104 3640 1157 3714 qui
1186 3645 1305 3698 certam

171 3745 328 3824 quandam
358 3764 520 3822 personam
553 3741 705 3820 exprimit,
736 3740 811 3800 ferri
840 3745 967 3816 nequire
999 3749 1030 3799 et
1053 3761 1107 3818 pro
1135 3745 1305 3819 „puerum“

171 3869 242 3910 esse
257 3846 455 3908 scribendum
473 3850 634 3922 „pueros“,
656 3849 701 3903 ita
716 3863 797 3920 vero,
821 3852 856 3903 ut
872 3844 1045 3922 proximum
1061 3845 1190 3904 verbum
1209 3846 1302 3919 ,qui“

173 3973 234 4012 non
264 3954 495 4026 nominativum,
525 3950 581 4009 sed
611 3948 792 4008 adverbium
823 3967 889 4007 esse
913 3947 1039 4006 diceret.
1084 3946 1199 4007 Contra
1222 3946 1304 4007 hanc

172 4058 360 4116 sententiam
382 4056 515 4131 ingenue
531 4073 578 4111 me
595 4050 694 4110 fateor
708 4050 785 4109 nihil
801 4049 939 4128 proferre
962 4069 1052 4127 posse
1075 4050 1135 4109 nisi
1159 4051 1196 4109 ab
1221 4050 1305 4109 omni
1391 4076 1394 4081 ·

259 4226 284 4293 1)
303 4224 337 4277 de
354 4223 452 4276 illustr.
471 4237 585 4292 gramm.
603 4219 645 4273 20.

258 4309 285 4378 2)
304 4309 375 4364 Mus.
394 4307 483 4361 Rhen.
503 4305 591 4360 XXX
609 4306 683 4361 1875.
