2956 4822
710 1705 860 1792 Vita.

305 1896 404 1955 Natus
442 1916 508 1956 sum
546 1896 723 1957 Fridericus
759 1899 914 1958 Hsnricus
950 1898 1182 1957 Maximilianus
1218 1897 1354 1958 Mueller

221 2020 246 2060 a.
270 1999 297 2058 d
320 1998 378 2058 XI.
398 1997 468 2058 Kal.
490 1998 623 2076 August.
646 1992 719 2059 enni
741 1999 1009 2061 MDOOOLXXV
1024 1999 1195 2077 Servestae,
1219 2000 1251 2058 in
1273 2001 1352 2060 urbe

221 2099 350 2162 ducatus
372 2101 542 2180 Anhaltini,
565 2110 653 2180 patre
669 2104 834 2180 Friderico,
857 2113 955 2163 matre
977 2103 1090 2162 Emilia
1113 2111 1242 2180 egente
1257 2103 1352 2182 Kula,

221 2223 297 2280 quos
330 2204 431 2266 adhuc
462 2209 646 2284 superstites
677 2209 728 2284 pio
758 2213 908 2284 gratoque
940 2208 1041 2266 animo
1071 2226 1209 2267 veneror.
1261 2207 1353 2267 Fidei

221 2305 363 2368 addictus
385 2329 453 2368 sum
476 2310 683 2386 evangelicae.

306 2429 419 2489 Primis
448 2430 622 2489 litterarum
658 2431 818 2490 elementis
856 2431 993 2490 imbutus
1029 2449 1109 2489 anno
1149 2430 1230 2489 1885
1264 2428 1353 2490 adire

220 2532 342 2590 institui
357 2533 551 2609 gymnasium
570 2532 657 2592 urbis
673 2542 805 2610 nostrae,
830 2532 912 2608 quod
935 2532 1109 2610 appellatur
1124 2532 1352 2610 Francisceum,

221 2637 308 2692 cuius
349 2654 418 2693 cum
459 2634 548 2694 multi
586 2644 616 2695 et
653 2635 726 2695 boni
764 2640 981 2713 praeceptores
1018 2643 1084 2695 tum
1122 2634 1353 2709 illustrissimus

220 2744 321 2796 rector
352 2736 541 2815 Theophilus
574 2737 656 2797 Stier
684 2758 835 2798 summum
867 2738 943 2797 mihi
972 2758 1105 2798 amorem
1136 2738 1353 2796 excitaverunt

221 2837 360 2897 discendi
388 2845 480 2914 atque
511 2839 641 2900 docendi
671 2840 792 2900 litteras
824 2842 967 2916 antiquas
998 2847 1030 2899 et
1059 2839 1231 2899 historicas.
1283 2839 1350 2898 Ma-

192 2941 357 3022 vturitatis
394 2943 604 3002 testimonium
640 2963 713 3003 vere
750 2941 823 3001 anni
859 2944 941 3002 1894
979 2942 1125 3020 adeptus,
1164 2950 1198 3001 ut
1235 2941 1351 3003 studiis

221 3047 352 3105 maxime
374 3044 572 3123 philologieis
595 3052 626 3104 et
649 3044 807 3105 historicis
829 3065 877 3105 me
901 3046 1013 3122 darem,
1036 3043 1279 3121 Heidelbergam
1302 3064 1351 3104 me

204 3137 354 3224 contuli,
388 3148 442 3208 ubi
476 3149 596 3208 civibus
629 3147 842 3208 universitatis
871 3147 1170 3226 Ruperto-Oarolae
1207 3146 1266 3207 rite
1297 3147 1351 3206 ad·

220 3252 355 3327 scriptus
385 3271 461 3310 sum.
512 3251 572 3310 Hic
602 3271 657 3329 per
689 3271 782 3310 unum
814 3258 962 3311 semestre
997 3249 1167 3310 docuerunt
1204 3269 1252 3309 me
1291 3252 1352 3309 viri

220 3351 392 3412 doctissimi
420 3352 555 3430 Brandt,
592 3352 899 3431 Erdmannsdorffer,
938 3353 1045 3431 Koch,
1078 3353 1204 3430 Rohde,
1235 3351 1351 3430 Thode,

222 3452 331 3531 Uhlig,
361 3455 574 3516 Wundcrlioh.
619 3456 697 3515 Tum
730 3459 761 3515 in
791 3457 966 3516 litterarum
987 3456 1191 3516 universitate
1220 3455 1352 3515 Helensi

221 3577 277 3636 per
298 3558 359 3616 tria
381 3558 541 3618 semestris
564 3566 769 3619 commoratus
792 3559 897 3618 audivi
920 3580 968 3619 vv.
992 3559 1040 3618 cll.
1062 3557 1172 3635 Brode,
1195 3557 1351 3634 Burdach,

220 3660 329 3738 Diehl,
362 3660 597 3739 Dittenberger,
629 3662 788 3739 Droysen,
817 3662 935 3740 Haym‚
967 3661 1051 3737 Ihm,
1080 3660 1351 3736 Maurenbrecher,

220 3763 332 3841 Meier,
362 3761 420 3822 Ed.
448 3764 571 3842 Meyer,
602 3764 763 3839 Schultze,
796 3764 977 3842 Stammler,
1009 3763 1155 3842 Strauch,
1185 3765 1351 3824 Wissowa.

221 3865 341 3925 Deinde
356 3885 404 3925 me
420 3866 536 3926 contuli
553 3867 741 3945 Gottingam,
757 3868 811 3926 ubi
826 3889 882 3946 per
898 3867 946 3927 bis
962 3887 1016 3927 sex
1035 3887 1154 3930 menses
1171 3866 1286 3927 scholis
1301 3887 1352 3927 vv.

221 3967 272 4032 cll.
292 3968 417 4047 Heyne‚
447 3967 542 4045 Kehr,
574 3968 729 4047 Kraushe,
752 3970 921 4047 Lehmann,
943 3971 1016 4048 Leo,
1039 3970 1168 4046 Roethe,
1192 3968 1352 4046 Schulten,

221 4068 366 4148 Schulze,
411 4091 438 4130 v.
478 4070 689 4131 Wilamowitz
732 4069 868 4132 interfui.
926 4072 1069 4149 Denique
1109 4073 1216 4131 Ienam
1252 4071 1353 4150 petivi

220 4173 351 4231 maxime
381 4173 429 4233 his
460 4175 536 4234 viris
566 4173 754 4234 doctissimis
788 4195 863 4234 usus
892 4175 1068 4252 magistris:
1113 4174 1239 4252 Dinger,
1271 4174 1352 4234 Ehr-

219 4273 325 4351 hardt,
356 4275 500 4353 Eucken,
538 4276 660 4354 Gelzer,
692 4277 803 4354 Goetz,
832 4276 1031 4355 Hilgenfeld,
1069 4278 1191 4355 Hirzel,
1221 4277 1352 4356 Lorenz,
