<?xml version="1.0" encoding="UTF-8"?>
<!DOCTYPE html PUBLIC "-//W3C//DTD XHTML 1.0 Transitional//EN"
    "http://www.w3.org/TR/xhtml1/DTD/xhtml1-transitional.dtd">
<html xmlns="http://www.w3.org/1999/xhtml" xml:lang="en" lang="en">
 <head>
  <title>
</title>
<meta http-equiv="Content-Type" content="text/html;charset=utf-8" />
  <meta name='ocr-system' content='tesseract 3.04.00' />
  <meta name='ocr-capabilities' content='ocr_page ocr_carea ocr_par ocr_line ocrx_word'/>
</head>
<body>
  <div class='ocr_page' id='page_1' title='image "./numhoratiisatir00muelgoog_0033.png"; bbox 0 0 2956 4822; ppageno 0'>
   <div class='ocr_carea' id='block_1_1' title="bbox 628 262 840 327">
    <p class='ocr_par' dir='ltr' id='par_1_1' title="bbox 628 262 840 327">
     <span class='ocr_line' id='line_1_1' title="bbox 628 262 840 327; baseline 0 -19"><span class='ocrx_word' id='word_1_1' title='bbox 628 262 840 327; x_wconf 73' lang='lat'><strong>..23-</strong></span> 
     </span>
    </p>
   </div>
   <div class='ocr_carea' id='block_1_2' title="bbox 166 431 1306 920">
    <p class='ocr_par' dir='ltr' id='par_1_2' title="bbox 166 431 1306 920">
     <span class='ocr_line' id='line_1_2' title="bbox 166 431 1305 511; baseline -0.006 -16"><span class='ocrx_word' id='word_1_2' title='bbox 166 434 292 495; x_wconf 89' lang='lat' dir='ltr'>chartas</span> <span class='ocrx_word' id='word_1_3' title='bbox 308 434 477 495; x_wconf 88' lang='lat' dir='ltr'>coniecisse</span> <span class='ocrx_word' id='word_1_4' title='bbox 493 440 524 494; x_wconf 89' lang='lat' dir='ltr'>et</span> <span class='ocrx_word' id='word_1_5' title='bbox 546 454 591 511; x_wconf 90' lang='lat' dir='ltr'>ea,</span> <span class='ocrx_word' id='word_1_6' title='bbox 613 454 691 510; x_wconf 86' lang='lat' dir='ltr'>quae</span> <span class='ocrx_word' id='word_1_7' title='bbox 713 434 744 492; x_wconf 94' lang='lat' dir='ltr'>in</span> <span class='ocrx_word' id='word_1_8' title='bbox 768 433 826 493; x_wconf 92' lang='lat' dir='ltr'>bac</span> <span class='ocrx_word' id='word_1_9' title='bbox 842 437 939 493; x_wconf 89' lang='lat' dir='ltr'>satira</span> <span class='ocrx_word' id='word_1_10' title='bbox 961 431 1126 492; x_wconf 90' lang='lat' dir='ltr'>scribenda</span> <span class='ocrx_word' id='word_1_11' title='bbox 1147 431 1208 508; x_wconf 86' lang='lat' dir='ltr'>ipsi</span> <span class='ocrx_word' id='word_1_12' title='bbox 1230 450 1305 508; x_wconf 90' lang='lat' dir='ltr'>pro-</span> 
     </span>
     <span class='ocr_line' id='line_1_3' title="bbox 167 532 1302 614; baseline -0.004 -17"><span class='ocrx_word' id='word_1_13' title='bbox 167 539 271 614; x_wconf 90' lang='lat' dir='ltr'>posita</span> <span class='ocrx_word' id='word_1_14' title='bbox 287 546 398 614; x_wconf 80' lang='lat' dir='ltr'>essent,</span> <span class='ocrx_word' id='word_1_15' title='bbox 411 536 635 612; x_wconf 90' lang='lat' dir='ltr'>quodammodo</span> <span class='ocrx_word' id='word_1_16' title='bbox 651 536 827 613; x_wconf 81' lang='lat' dir='ltr'>neglexisse</span> <span class='ocrx_word' id='word_1_17' title='bbox 843 556 904 595; x_wconf 93' lang='lat' dir='ltr'>non</span> <span class='ocrx_word' id='word_1_18' title='bbox 920 533 1081 612; x_wconf 81' lang='lat' dir='ltr'>probabile</span> <span class='ocrx_word' id='word_1_19' title='bbox 1098 541 1154 593; x_wconf 91' lang='lat' dir='ltr'>est.</span> <span class='ocrx_word' id='word_1_20' title='bbox 1185 532 1302 592; x_wconf 85' lang='lat' dir='ltr'>Sedulo</span> 
     </span>
     <span class='ocr_line' id='line_1_4' title="bbox 169 636 1306 718; baseline -0.004 -19"><span class='ocrx_word' id='word_1_21' title='bbox 169 650 278 699; x_wconf 90' lang='lat' dir='ltr'>contra</span> <span class='ocrx_word' id='word_1_22' title='bbox 307 640 456 701; x_wconf 76' lang='lat' dir='ltr'>Horatius</span> <span class='ocrx_word' id='word_1_23' title='bbox 487 660 609 718; x_wconf 88' lang='lat' dir='ltr'>semper</span> <span class='ocrx_word' id='word_1_24' title='bbox 636 640 715 698; x_wconf 91' lang='lat' dir='ltr'>illud</span> <span class='ocrx_word' id='word_1_25' title='bbox 745 643 882 716; x_wconf 88' lang='lat' dir='ltr'>curavit,</span> <span class='ocrx_word' id='word_1_26' title='bbox 913 645 949 698; x_wconf 93' lang='lat' dir='ltr'>ut</span> <span class='ocrx_word' id='word_1_27' title='bbox 977 637 1144 712; x_wconf 90' lang='lat' dir='ltr'>unicuique</span> <span class='ocrx_word' id='word_1_28' title='bbox 1169 636 1306 696; x_wconf 89' lang='lat' dir='ltr'>sermoni</span> 
     </span>
     <span class='ocr_line' id='line_1_5' title="bbox 171 739 1306 820; baseline -0.003 -19"><span class='ocrx_word' id='word_1_29' title='bbox 171 742 352 820; x_wconf 86' lang='lat' dir='ltr'>principalis</span> <span class='ocrx_word' id='word_1_30' title='bbox 365 745 519 802; x_wconf 90' lang='lat' dir='ltr'>sententia</span> <span class='ocrx_word' id='word_1_31' title='bbox 535 743 675 802; x_wconf 89' lang='lat' dir='ltr'>subiecta</span> <span class='ocrx_word' id='word_1_32' title='bbox 687 751 777 819; x_wconf 85' lang='lat' dir='ltr'>esset,</span> <span class='ocrx_word' id='word_1_33' title='bbox 794 742 941 817; x_wconf 87' lang='lat' dir='ltr'>adquam</span> <span class='ocrx_word' id='word_1_34' title='bbox 957 739 1058 800; x_wconf 90' lang='lat' dir='ltr'>omnia</span> <span class='ocrx_word' id='word_1_35' title='bbox 1074 747 1167 814; x_wconf 90' lang='lat' dir='ltr'>atque</span> <span class='ocrx_word' id='word_1_36' title='bbox 1179 740 1306 816; x_wconf 88' lang='lat' dir='ltr'>singula</span> 
     </span>
     <span class='ocr_line' id='line_1_6' title="bbox 169 843 1082 920; baseline -0.003 -16"><span class='ocrx_word' id='word_1_37' title='bbox 169 853 328 920; x_wconf 79' lang='lat' dir='ltr'>tamquam</span> <span class='ocrx_word' id='word_1_38' title='bbox 350 844 424 905; x_wconf 89' lang='lat' dir='ltr'>solis</span> <span class='ocrx_word' id='word_1_39' title='bbox 447 845 526 904; x_wconf 93' lang='lat' dir='ltr'>radii</span> <span class='ocrx_word' id='word_1_40' title='bbox 550 844 589 904; x_wconf 90' lang='lat' dir='ltr'>ad</span> <span class='ocrx_word' id='word_1_41' title='bbox 612 853 751 906; x_wconf 92' lang='lat' dir='ltr'>centrum</span> <span class='ocrx_word' id='word_1_42' title='bbox 773 865 863 904; x_wconf 89' lang='lat' dir='ltr'>suum</span> <span class='ocrx_word' id='word_1_43' title='bbox 884 843 1082 903; x_wconf 86' lang='lat' dir='ltr'>referrentur.</span> 
     </span>
    </p>
   </div>
   <div class='ocr_carea' id='block_1_3' title="bbox 136 961 1314 4127">
    <p class='ocr_par' dir='ltr' id='par_1_3' title="bbox 170 961 1309 1763">
     <span class='ocr_line' id='line_1_7' title="bbox 256 961 1306 1043; baseline -0.002 -21"><span class='ocrx_word' id='word_1_44' title='bbox 256 966 276 1043; x_wconf 65' lang='grc' dir='ltr'>ξ</span> <span class='ocrx_word' id='word_1_45' title='bbox 302 966 348 1024; x_wconf 82' lang='grc'>15.</span> <span class='ocrx_word' id='word_1_46' title='bbox 393 964 454 1024; x_wconf 84' lang='lat' dir='ltr'>Sed</span> <span class='ocrx_word' id='word_1_47' title='bbox 477 985 538 1023; x_wconf 89' lang='lat' dir='ltr'>non</span> <span class='ocrx_word' id='word_1_48' title='bbox 560 964 650 1025; x_wconf 93' lang='lat' dir='ltr'>modo</span> <span class='ocrx_word' id='word_1_49' title='bbox 667 964 824 1025; x_wconf 81' lang='lat' dir='ltr'>exordium</span> <span class='ocrx_word' id='word_1_50' title='bbox 847 983 903 1040; x_wconf 91' lang='lat' dir='ltr'>per</span> <span class='ocrx_word' id='word_1_51' title='bbox 918 983 951 1023; x_wconf 92' lang='lat' dir='ltr'>se</span> <span class='ocrx_word' id='word_1_52' title='bbox 967 969 1141 1040; x_wconf 89' lang='lat' dir='ltr'>spectatum</span> <span class='ocrx_word' id='word_1_53' title='bbox 1159 961 1223 1020; x_wconf 89' lang='lat' dir='ltr'>tale</span> <span class='ocrx_word' id='word_1_54' title='bbox 1247 968 1306 1038; x_wconf 89' lang='lat' dir='ltr'>est,</span> 
     </span>
     <span class='ocr_line' id='line_1_8' title="bbox 171 1063 1306 1138; baseline -0.006 -10"><span class='ocrx_word' id='word_1_55' title='bbox 171 1078 207 1128; x_wconf 91' lang='lat' dir='ltr'>ut</span> <span class='ocrx_word' id='word_1_56' title='bbox 230 1088 299 1128; x_wconf 88' lang='lat' dir='ltr'>cum</span> <span class='ocrx_word' id='word_1_57' title='bbox 322 1067 446 1126; x_wconf 88' lang='lat' dir='ltr'>Horatii</span> <span class='ocrx_word' id='word_1_58' title='bbox 470 1068 598 1127; x_wconf 92' lang='lat' dir='ltr'>consilio</span> <span class='ocrx_word' id='word_1_59' title='bbox 621 1067 705 1126; x_wconf 88' lang='lat' dir='ltr'>nullo</span> <span class='ocrx_word' id='word_1_60' title='bbox 729 1067 853 1127; x_wconf 89' lang='lat' dir='ltr'>vinculo</span> <span class='ocrx_word' id='word_1_61' title='bbox 878 1067 1049 1138; x_wconf 82' lang='lat' dir='ltr'>cohaereat,</span> <span class='ocrx_word' id='word_1_62' title='bbox 1079 1063 1306 1124; x_wconf 81' lang='lat' dir='ltr'>verumetiam</span> 
     </span>
     <span class='ocr_line' id='line_1_9' title="bbox 170 1165 1305 1247; baseline -0.005 -16"><span class='ocrx_word' id='word_1_63' title='bbox 170 1176 203 1231; x_wconf 88' lang='lat' dir='ltr'>in</span> <span class='ocrx_word' id='word_1_64' title='bbox 227 1171 359 1247; x_wconf 89' lang='lat' dir='ltr'>singulis</span> <span class='ocrx_word' id='word_1_65' title='bbox 374 1169 537 1230; x_wconf 72' lang='lat' dir='ltr'>sententiis</span> <span class='ocrx_word' id='word_1_66' title='bbox 559 1177 648 1229; x_wconf 91' lang='lat' dir='ltr'>tanta</span> <span class='ocrx_word' id='word_1_67' title='bbox 671 1169 843 1230; x_wconf 79' lang='lat' dir='ltr'>obscuritas</span> <span class='ocrx_word' id='word_1_68' title='bbox 858 1170 1019 1246; x_wconf 89' lang='lat' dir='ltr'>reperitur,</span> <span class='ocrx_word' id='word_1_69' title='bbox 1043 1175 1078 1225; x_wconf 90' lang='lat' dir='ltr'>ut</span> <span class='ocrx_word' id='word_1_70' title='bbox 1097 1167 1157 1226; x_wconf 90' lang='lat' dir='ltr'>hac</span> <span class='ocrx_word' id='word_1_71' title='bbox 1179 1187 1241 1225; x_wconf 91' lang='lat' dir='ltr'>una</span> <span class='ocrx_word' id='word_1_72' title='bbox 1265 1165 1305 1225; x_wconf 89' lang='lat' dir='ltr'>de</span> 
     </span>
     <span class='ocr_line' id='line_1_10' title="bbox 171 1268 1306 1348; baseline -0.005 -13"><span class='ocrx_word' id='word_1_73' title='bbox 171 1295 266 1335; x_wconf 89' lang='lat' dir='ltr'>causa</span> <span class='ocrx_word' id='word_1_74' title='bbox 282 1281 400 1332; x_wconf 90' lang='lat' dir='ltr'>certum</span> <span class='ocrx_word' id='word_1_75' title='bbox 415 1274 531 1332; x_wconf 90' lang='lat' dir='ltr'>sitnon</span> <span class='ocrx_word' id='word_1_76' title='bbox 548 1271 779 1348; x_wconf 88' lang='lat' dir='ltr'>coniungendos</span> <span class='ocrx_word' id='word_1_77' title='bbox 796 1291 864 1332; x_wconf 88' lang='lat' dir='ltr'>esse</span> <span class='ocrx_word' id='word_1_78' title='bbox 880 1271 935 1331; x_wconf 91' lang='lat' dir='ltr'>hos</span> <span class='ocrx_word' id='word_1_79' title='bbox 958 1291 1067 1331; x_wconf 89' lang='lat' dir='ltr'>versus</span> <span class='ocrx_word' id='word_1_80' title='bbox 1091 1290 1160 1329; x_wconf 91' lang='lat' dir='ltr'>cum</span> <span class='ocrx_word' id='word_1_81' title='bbox 1184 1268 1306 1329; x_wconf 89' lang='lat' dir='ltr'>decima</span> 
     </span>
     <span class='ocr_line' id='line_1_11' title="bbox 171 1372 1307 1451; baseline -0.005 -13"><span class='ocrx_word' id='word_1_82' title='bbox 171 1377 278 1439; x_wconf 87' lang='lat' dir='ltr'>satira.</span> <span class='ocrx_word' id='word_1_83' title='bbox 323 1376 487 1434; x_wconf 82' lang='lat' dir='ltr'>Horatium</span> <span class='ocrx_word' id='word_1_84' title='bbox 510 1374 647 1450; x_wconf 90' lang='lat' dir='ltr'>quidem,</span> <span class='ocrx_word' id='word_1_85' title='bbox 680 1374 827 1451; x_wconf 91' lang='lat' dir='ltr'>optimum</span> <span class='ocrx_word' id='word_1_86' title='bbox 850 1375 1059 1432; x_wconf 86' lang='lat' dir='ltr'>Romanorum</span> <span class='ocrx_word' id='word_1_87' title='bbox 1081 1382 1213 1449; x_wconf 90' lang='lat' dir='ltr'>poetam,</span> <span class='ocrx_word' id='word_1_88' title='bbox 1245 1372 1307 1432; x_wconf 92' lang='lat' dir='ltr'>hoc</span> 
     </span>
     <span class='ocr_line' id='line_1_12' title="bbox 173 1475 1307 1554; baseline -0.005 -13"><span class='ocrx_word' id='word_1_89' title='bbox 173 1483 250 1541; x_wconf 90' lang='lat' dir='ltr'>vitio</span> <span class='ocrx_word' id='word_1_90' title='bbox 281 1480 440 1539; x_wconf 88' lang='lat' dir='ltr'>laborasse</span> <span class='ocrx_word' id='word_1_91' title='bbox 470 1484 501 1537; x_wconf 90' lang='lat' dir='ltr'>et</span> <span class='ocrx_word' id='word_1_92' title='bbox 530 1486 594 1537; x_wconf 83' lang='lat' dir='ltr'>tam</span> <span class='ocrx_word' id='word_1_93' title='bbox 625 1479 754 1537; x_wconf 90' lang='lat' dir='ltr'>obscure</span> <span class='ocrx_word' id='word_1_94' title='bbox 786 1478 964 1554; x_wconf 84' lang='lat' dir='ltr'>scripsisse,</span> <span class='ocrx_word' id='word_1_95' title='bbox 994 1484 1029 1535; x_wconf 93' lang='lat' dir='ltr'>ut</span> <span class='ocrx_word' id='word_1_96' title='bbox 1051 1475 1142 1534; x_wconf 94' lang='lat' dir='ltr'>multi</span> <span class='ocrx_word' id='word_1_97' title='bbox 1164 1475 1307 1535; x_wconf 90' lang='lat' dir='ltr'>homines</span> 
     </span>
     <span class='ocr_line' id='line_1_13' title="bbox 174 1576 1309 1654; baseline -0.005 -11"><span class='ocrx_word' id='word_1_98' title='bbox 174 1582 288 1643; x_wconf 88' lang='lat' dir='ltr'>eruditi</span> <span class='ocrx_word' id='word_1_99' title='bbox 305 1583 491 1641; x_wconf 90' lang='lat' dir='ltr'>sententiam</span> <span class='ocrx_word' id='word_1_100' title='bbox 502 1579 594 1640; x_wconf 88' lang='lat' dir='ltr'>buius</span> <span class='ocrx_word' id='word_1_101' title='bbox 606 1579 724 1640; x_wconf 85' lang='lat' dir='ltr'>exordii</span> <span class='ocrx_word' id='word_1_102' title='bbox 741 1589 772 1640; x_wconf 89' lang='lat' dir='ltr'>et</span> <span class='ocrx_word' id='word_1_103' title='bbox 787 1580 978 1654; x_wconf 89' lang='lat' dir='ltr'>singulorum</span> <span class='ocrx_word' id='word_1_104' title='bbox 990 1598 1134 1638; x_wconf 88' lang='lat' dir='ltr'>versuum</span> <span class='ocrx_word' id='word_1_105' title='bbox 1150 1576 1309 1654; x_wconf 85' lang='lat' dir='ltr'>explicare</span> 
     </span>
     <span class='ocr_line' id='line_1_14' title="bbox 174 1683 771 1763; baseline -0.007 -18"><span class='ocrx_word' id='word_1_106' title='bbox 174 1706 235 1745; x_wconf 88' lang='lat' dir='ltr'>non</span> <span class='ocrx_word' id='word_1_107' title='bbox 258 1685 424 1763; x_wconf 88' lang='lat' dir='ltr'>potuerint,</span> <span class='ocrx_word' id='word_1_108' title='bbox 447 1704 508 1742; x_wconf 92' lang='lat' dir='ltr'>non</span> <span class='ocrx_word' id='word_1_109' title='bbox 531 1690 579 1742; x_wconf 88' lang='lat' dir='ltr'>est</span> <span class='ocrx_word' id='word_1_110' title='bbox 601 1683 771 1759; x_wconf 89' lang='lat' dir='ltr'>probabile.</span> 
     </span>
    </p>

    <p class='ocr_par' dir='ltr' id='par_1_4' title="bbox 136 1782 1314 2893">
     <span class='ocr_line' id='line_1_15' title="bbox 261 1782 1309 1863; baseline -0.007 -17"><span class='ocrx_word' id='word_1_111' title='bbox 261 1789 308 1846; x_wconf 87' lang='lat' dir='ltr'>Aa</span> <span class='ocrx_word' id='word_1_112' title='bbox 340 1790 486 1863; x_wconf 85' lang='lat' dir='ltr'>primum,</span> <span class='ocrx_word' id='word_1_113' title='bbox 521 1785 672 1860; x_wconf 89' lang='lat' dir='ltr'>quomodo</span> <span class='ocrx_word' id='word_1_114' title='bbox 711 1785 779 1860; x_wconf 88' lang='lat' dir='ltr'>quis</span> <span class='ocrx_word' id='word_1_115' title='bbox 817 1783 943 1844; x_wconf 74' lang='lat' dir='ltr'>Catonis</span> <span class='ocrx_word' id='word_1_116' title='bbox 977 1782 1092 1842; x_wconf 86' lang='lat' dir='ltr'>auxilio</span> <span class='ocrx_word' id='word_1_117' title='bbox 1122 1801 1212 1859; x_wconf 82' lang='lat' dir='ltr'>usne,</span> <span class='ocrx_word' id='word_1_118' title='bbox 1245 1784 1309 1858; x_wconf 89' lang='lat' dir='ltr'>qui,</span> 
     </span>
     <span class='ocr_line' id='line_1_16' title="bbox 175 1887 1310 1966; baseline -0.007 -16"><span class='ocrx_word' id='word_1_119' title='bbox 175 1890 319 1966; x_wconf 91' lang='lat' dir='ltr'>quamvis</span> <span class='ocrx_word' id='word_1_120' title='bbox 348 1888 426 1948; x_wconf 91' lang='lat' dir='ltr'>vitia</span> <span class='ocrx_word' id='word_1_121' title='bbox 448 1888 562 1947; x_wconf 83' lang='lat' dir='ltr'>Lucilii</span> <span class='ocrx_word' id='word_1_122' title='bbox 592 1899 740 1965; x_wconf 89' lang='lat' dir='ltr'>agnoscat</span> <span class='ocrx_word' id='word_1_123' title='bbox 763 1887 1006 1961; x_wconf 87' lang='lat' dir='ltr'>vitiosorumque</span> <span class='ocrx_word' id='word_1_124' title='bbox 1037 1905 1182 1945; x_wconf 87' lang='lat' dir='ltr'>versuum</span> <span class='ocrx_word' id='word_1_125' title='bbox 1207 1904 1310 1943; x_wconf 90' lang='lat' dir='ltr'>emen-</span> 
     </span>
     <span class='ocr_line' id='line_1_17' title="bbox 174 1987 1310 2068; baseline -0.004 -16"><span class='ocrx_word' id='word_1_126' title='bbox 174 1993 331 2052; x_wconf 89' lang='lat' dir='ltr'>dationem</span> <span class='ocrx_word' id='word_1_127' title='bbox 347 1997 442 2068; x_wconf 89' lang='lat' dir='ltr'>paret,</span> <span class='ocrx_word' id='word_1_128' title='bbox 465 2001 569 2050; x_wconf 90' lang='lat' dir='ltr'>tamen</span> <span class='ocrx_word' id='word_1_129' title='bbox 584 1991 737 2049; x_wconf 80' lang='lat' dir='ltr'>Lucilium</span> <span class='ocrx_word' id='word_1_130' title='bbox 761 1989 901 2049; x_wconf 84' lang='lat' dir='ltr'>defendit</span> <span class='ocrx_word' id='word_1_131' title='bbox 923 1997 955 2048; x_wconf 89' lang='lat' dir='ltr'>et</span> <span class='ocrx_word' id='word_1_132' title='bbox 975 1988 1187 2065; x_wconf 89' lang='lat' dir='ltr'>indulgentius</span> <span class='ocrx_word' id='word_1_133' title='bbox 1211 1987 1249 2046; x_wconf 89' lang='lat' dir='ltr'>de</span> <span class='ocrx_word' id='word_1_134' title='bbox 1273 2006 1310 2047; x_wconf 92' lang='lat' dir='ltr'>eo</span> 
     </span>
     <span class='ocr_line' id='line_1_18' title="bbox 136 2091 1310 2175; baseline -0.003 -21"><span class='ocrx_word' id='word_1_135' title='bbox 136 2170 138 2175; x_wconf 26' lang='grc'><strong>,</strong></span> <span class='ocrx_word' id='word_1_136' title='bbox 173 2095 300 2172; x_wconf 88' lang='lat' dir='ltr'>iudicat,</span> <span class='ocrx_word' id='word_1_137' title='bbox 324 2094 503 2172; x_wconf 88' lang='lat' dir='ltr'>pervincere</span> <span class='ocrx_word' id='word_1_138' title='bbox 527 2096 642 2171; x_wconf 89' lang='lat' dir='ltr'>possit,</span> <span class='ocrx_word' id='word_1_139' title='bbox 672 2114 764 2168; x_wconf 88' lang='lat' dir='ltr'>quam</span> <span class='ocrx_word' id='word_1_140' title='bbox 787 2092 951 2152; x_wconf 89' lang='lat' dir='ltr'>mendosus</span> <span class='ocrx_word' id='word_1_141' title='bbox 981 2091 1034 2150; x_wconf 99' lang='grc'><strong>1116</strong></span> <span class='ocrx_word' id='word_1_142' title='bbox 1057 2091 1114 2168; x_wconf 83' lang='grc'><strong>611,</strong></span> <span class='ocrx_word' id='word_1_143' title='bbox 1146 2111 1206 2149; x_wconf 91' lang='lat' dir='ltr'>non</span> <span class='ocrx_word' id='word_1_144' title='bbox 1230 2091 1310 2150; x_wconf 89' lang='lat' dir='ltr'>satis</span> 
     </span>
     <span class='ocr_line' id='line_1_19' title="bbox 177 2193 1312 2274; baseline -0.003 -18"><span class='ocrx_word' id='word_1_145' title='bbox 177 2198 333 2274; x_wconf 80' lang='lat' dir='ltr'>intellego,</span> <span class='ocrx_word' id='word_1_146' title='bbox 378 2197 409 2256; x_wconf 82' lang='lat' dir='ltr'>si</span> <span class='ocrx_word' id='word_1_147' title='bbox 441 2199 522 2256; x_wconf 91' lang='lat' dir='ltr'>enim</span> <span class='ocrx_word' id='word_1_148' title='bbox 545 2206 653 2256; x_wconf 88' lang='lat' dir='ltr'>auctor</span> <span class='ocrx_word' id='word_1_149' title='bbox 675 2197 766 2256; x_wconf 89' lang='lat' dir='ltr'>huius</span> <span class='ocrx_word' id='word_1_150' title='bbox 789 2194 906 2255; x_wconf 86' lang='lat' dir='ltr'>exordii</span> <span class='ocrx_word' id='word_1_151' title='bbox 929 2194 962 2253; x_wconf 91' lang='lat' dir='ltr'>id</span> <span class='ocrx_word' id='word_1_152' title='bbox 986 2194 1067 2270; x_wconf 87' lang='lat' dir='ltr'>agit,</span> <span class='ocrx_word' id='word_1_153' title='bbox 1096 2199 1132 2252; x_wconf 91' lang='lat' dir='ltr'>ut</span> <span class='ocrx_word' id='word_1_154' title='bbox 1154 2193 1312 2253; x_wconf 92' lang='lat' dir='ltr'>Lucilium</span> 
     </span>
     <span class='ocr_line' id='line_1_20' title="bbox 177 2297 1312 2374; baseline -0.004 -15"><span class='ocrx_word' id='word_1_155' title='bbox 177 2300 359 2360; x_wconf 90' lang='lat' dir='ltr'>mendosum</span> <span class='ocrx_word' id='word_1_156' title='bbox 382 2321 450 2362; x_wconf 90' lang='lat' dir='ltr'>esse</span> <span class='ocrx_word' id='word_1_157' title='bbox 474 2300 591 2374; x_wconf 88' lang='lat' dir='ltr'>doceat,</span> <span class='ocrx_word' id='word_1_158' title='bbox 615 2320 652 2359; x_wconf 86' lang='lat' dir='ltr'>ex</span> <span class='ocrx_word' id='word_1_159' title='bbox 668 2301 821 2360; x_wconf 86' lang='lat' dir='ltr'>communi</span> <span class='ocrx_word' id='word_1_160' title='bbox 837 2299 971 2374; x_wconf 88' lang='lat' dir='ltr'>quadam</span> <span class='ocrx_word' id='word_1_161' title='bbox 987 2298 1129 2374; x_wconf 90' lang='lat' dir='ltr'>opinione</span> <span class='ocrx_word' id='word_1_162' title='bbox 1152 2297 1312 2357; x_wconf 91' lang='lat' dir='ltr'>hominum</span> 
     </span>
     <span class='ocr_line' id='line_1_21' title="bbox 180 2398 1314 2481; baseline -0.005 -17"><span class='ocrx_word' id='word_1_163' title='bbox 180 2404 424 2480; x_wconf 86' lang='lat' dir='ltr'>exspectandum</span> <span class='ocrx_word' id='word_1_164' title='bbox 440 2411 496 2480; x_wconf 88' lang='lat' dir='ltr'>est,</span> <span class='ocrx_word' id='word_1_165' title='bbox 519 2412 553 2462; x_wconf 88' lang='lat' dir='ltr'>ut</span> <span class='ocrx_word' id='word_1_166' title='bbox 568 2414 660 2481; x_wconf 90' lang='lat' dir='ltr'>poeta</span> <span class='ocrx_word' id='word_1_167' title='bbox 683 2424 744 2462; x_wconf 93' lang='lat' dir='ltr'>non</span> <span class='ocrx_word' id='word_1_168' title='bbox 767 2410 830 2461; x_wconf 87' lang='lat' dir='ltr'>tam</span> <span class='ocrx_word' id='word_1_169' title='bbox 848 2402 974 2478; x_wconf 75' lang='lat' dir='ltr'>(latone,</span> <span class='ocrx_word' id='word_1_170' title='bbox 998 2402 1051 2476; x_wconf 91' lang='lat' dir='ltr'>qui</span> <span class='ocrx_word' id='word_1_171' title='bbox 1074 2401 1173 2460; x_wconf 91' lang='lat' dir='ltr'>lenius</span> <span class='ocrx_word' id='word_1_172' title='bbox 1197 2398 1314 2459; x_wconf 90' lang='lat' dir='ltr'>Lucilii</span> 
     </span>
     <span class='ocr_line' id='line_1_22' title="bbox 179 2502 1312 2586; baseline -0.004 -20"><span class='ocrx_word' id='word_1_173' title='bbox 179 2527 287 2566; x_wconf 90' lang='lat' dir='ltr'>versus</span> <span class='ocrx_word' id='word_1_174' title='bbox 311 2506 512 2584; x_wconf 87' lang='lat' dir='ltr'>emendabat,</span> <span class='ocrx_word' id='word_1_175' title='bbox 544 2528 635 2582; x_wconf 90' lang='lat' dir='ltr'>quam</span> <span class='ocrx_word' id='word_1_176' title='bbox 659 2527 713 2586; x_wconf 80' lang='lat' dir='ltr'>eo,</span> <span class='ocrx_word' id='word_1_177' title='bbox 743 2508 796 2581; x_wconf 90' lang='lat' dir='ltr'>qui</span> <span class='ocrx_word' id='word_1_178' title='bbox 820 2507 932 2565; x_wconf 88' lang='lat' dir='ltr'>acriter</span> <span class='ocrx_word' id='word_1_179' title='bbox 954 2505 985 2562; x_wconf 93' lang='lat' dir='ltr'>in</span> <span class='ocrx_word' id='word_1_180' title='bbox 1008 2504 1162 2563; x_wconf 91' lang='lat' dir='ltr'>Lucilium</span> <span class='ocrx_word' id='word_1_181' title='bbox 1184 2502 1312 2562; x_wconf 90' lang='lat' dir='ltr'>invehe-</span> 
     </span>
     <span class='ocr_line' id='line_1_23' title="bbox 178 2607 1312 2686; baseline -0.003 -17"><span class='ocrx_word' id='word_1_182' title='bbox 178 2611 278 2686; x_wconf 89' lang='lat' dir='ltr'>batur,</span> <span class='ocrx_word' id='word_1_183' title='bbox 301 2610 433 2670; x_wconf 87' lang='lat' dir='ltr'>vitiosae</span> <span class='ocrx_word' id='word_1_184' title='bbox 456 2611 570 2669; x_wconf 89' lang='lat' dir='ltr'>Lucilii</span> <span class='ocrx_word' id='word_1_185' title='bbox 593 2609 826 2670; x_wconf 89' lang='lat' dir='ltr'>consuetudinis</span> <span class='ocrx_word' id='word_1_186' title='bbox 848 2615 928 2668; x_wconf 87' lang='lat' dir='ltr'>teste</span> <span class='ocrx_word' id='word_1_187' title='bbox 951 2615 1099 2668; x_wconf 86' lang='lat' dir='ltr'>uteretur.</span> <span class='ocrx_word' id='word_1_188' title='bbox 1142 2607 1188 2665; x_wconf 83' lang='lat' dir='ltr'>Eo</span> <span class='ocrx_word' id='word_1_189' title='bbox 1210 2607 1312 2682; x_wconf 87' lang='lat' dir='ltr'>magis</span> 
     </span>
     <span class='ocr_line' id='line_1_24' title="bbox 178 2708 1312 2789; baseline -0.004 -18"><span class='ocrx_word' id='word_1_190' title='bbox 178 2716 333 2788; x_wconf 84' lang='lat' dir='ltr'>miramur,</span> <span class='ocrx_word' id='word_1_191' title='bbox 357 2713 440 2788; x_wconf 89' lang='lat' dir='ltr'>quod</span> <span class='ocrx_word' id='word_1_192' title='bbox 462 2721 493 2773; x_wconf 88' lang='lat' dir='ltr'>et</span> <span class='ocrx_word' id='word_1_193' title='bbox 515 2713 593 2774; x_wconf 80' lang='lat' dir='ltr'>Cato</span> <span class='ocrx_word' id='word_1_194' title='bbox 616 2733 760 2789; x_wconf 87' lang='lat' dir='ltr'>magnam</span> <span class='ocrx_word' id='word_1_195' title='bbox 781 2712 905 2770; x_wconf 91' lang='lat' dir='ltr'>laudem</span> <span class='ocrx_word' id='word_1_196' title='bbox 928 2711 1125 2784; x_wconf 88' lang='lat' dir='ltr'>consequitur</span> <span class='ocrx_word' id='word_1_197' title='bbox 1148 2708 1254 2768; x_wconf 92' lang='grc'><strong>611116</strong></span> <span class='ocrx_word' id='word_1_198' title='bbox 1277 2709 1312 2767; x_wconf 92' lang='lat' dir='ltr'>in</span> 
     </span>
     <span class='ocr_line' id='line_1_25' title="bbox 179 2817 578 2893; baseline 0 -17"><span class='ocrx_word' id='word_1_199' title='bbox 179 2818 438 2893; x_wconf 81' lang='lat' dir='ltr'>vituperationem</span> <span class='ocrx_word' id='word_1_200' title='bbox 460 2817 578 2876; x_wconf 89' lang='lat' dir='ltr'>incidit.</span> 
     </span>
    </p>

    <p class='ocr_par' dir='ltr' id='par_1_5' title="bbox 178 2914 1312 3800">
     <span class='ocr_line' id='line_1_26' title="bbox 267 2914 1311 2997; baseline -0.007 -21"><span class='ocrx_word' id='word_1_201' title='bbox 267 2920 359 2997; x_wconf 68' lang='lat' dir='ltr'>§la</span> <span class='ocrx_word' id='word_1_202' title='bbox 404 2918 590 2977; x_wconf 87' lang='lat' dir='ltr'>Accedimus</span> <span class='ocrx_word' id='word_1_203' title='bbox 605 2917 644 2976; x_wconf 91' lang='lat' dir='ltr'>ad</span> <span class='ocrx_word' id='word_1_204' title='bbox 661 2917 751 2976; x_wconf 92' lang='lat' dir='ltr'>aliam</span> <span class='ocrx_word' id='word_1_205' title='bbox 767 2915 986 2993; x_wconf 89' lang='lat' dir='ltr'>quaestionem.</span> <span class='ocrx_word' id='word_1_206' title='bbox 1030 2914 1152 2990; x_wconf 87' lang='lat' dir='ltr'>Agitur,</span> <span class='ocrx_word' id='word_1_207' title='bbox 1168 2914 1311 2988; x_wconf 88' lang='lat' dir='ltr'>quisnam</span> 
     </span>
     <span class='ocr_line' id='line_1_27' title="bbox 178 3016 1309 3097; baseline -0.008 -16"><span class='ocrx_word' id='word_1_208' title='bbox 178 3022 286 3082; x_wconf 81' lang='lat' dir='ltr'>verbis</span> <span class='ocrx_word' id='word_1_209' title='bbox 308 3023 380 3097; x_wconf 88' lang='lat' dir='ltr'>„qui</span> <span class='ocrx_word' id='word_1_210' title='bbox 395 3021 524 3080; x_wconf 89' lang='lat' dir='ltr'>multum</span> <span class='ocrx_word' id='word_1_211' title='bbox 540 3040 670 3097; x_wconf 90' lang='lat' dir='ltr'>puerum</span> <span class='ocrx_word' id='word_1_212' title='bbox 681 3027 728 3080; x_wconf 89' lang='lat' dir='ltr'>est</span> <span class='ocrx_word' id='word_1_213' title='bbox 744 3019 818 3079; x_wconf 90' lang='lat' dir='ltr'>loris</span> <span class='ocrx_word' id='word_1_214' title='bbox 831 3027 862 3078; x_wconf 89' lang='grc'>61</span> <span class='ocrx_word' id='word_1_215' title='bbox 877 3017 1005 3078; x_wconf 86' lang='lat' dir='ltr'>funibus</span> <span class='ocrx_word' id='word_1_216' title='bbox 1021 3017 1091 3077; x_wconf 91' lang='lat' dir='ltr'>udis</span> <span class='ocrx_word' id='word_1_217' title='bbox 1107 3016 1309 3075; x_wconf 88' lang='lat' dir='ltr'>exhortatus“</span> 
     </span>
     <span class='ocr_line' id='line_1_28' title="bbox 179 3116 1312 3201; baseline -0.005 -19"><span class='ocrx_word' id='word_1_218' title='bbox 179 3123 411 3201; x_wconf 87' lang='lat' dir='ltr'>intellegendus</span> <span class='ocrx_word' id='word_1_219' title='bbox 434 3123 484 3183; x_wconf 89' lang='lat' dir='ltr'>sit.</span> <span class='ocrx_word' id='word_1_220' title='bbox 529 3123 681 3199; x_wconf 88' lang='lat' dir='ltr'>Equidem</span> <span class='ocrx_word' id='word_1_221' title='bbox 703 3142 764 3181; x_wconf 94' lang='lat' dir='ltr'>non</span> <span class='ocrx_word' id='word_1_222' title='bbox 787 3121 907 3181; x_wconf 89' lang='lat' dir='ltr'>haesito</span> <span class='ocrx_word' id='word_1_223' title='bbox 923 3121 968 3180; x_wconf 92' lang='lat' dir='ltr'>eis</span> <span class='ocrx_word' id='word_1_224' title='bbox 984 3119 1136 3195; x_wconf 90' lang='lat' dir='ltr'>assentiri,</span> <span class='ocrx_word' id='word_1_225' title='bbox 1159 3117 1211 3194; x_wconf 92' lang='lat' dir='ltr'>qui</span> <span class='ocrx_word' id='word_1_226' title='bbox 1233 3116 1312 3176; x_wconf 92' lang='lat' dir='ltr'>haec</span> 
     </span>
     <span class='ocr_line' id='line_1_29' title="bbox 179 3218 1311 3305; baseline -0.007 -20"><span class='ocrx_word' id='word_1_227' title='bbox 179 3227 220 3286; x_wconf 89' lang='lat' dir='ltr'>de</span> <span class='ocrx_word' id='word_1_228' title='bbox 251 3226 386 3304; x_wconf 90' lang='lat' dir='ltr'>Orbilio,</span> <span class='ocrx_word' id='word_1_229' title='bbox 416 3235 616 3305; x_wconf 85' lang='lat' dir='ltr'>praeceptore</span> <span class='ocrx_word' id='word_1_230' title='bbox 646 3225 783 3301; x_wconf 91' lang='lat' dir='ltr'>Horatii,</span> <span class='ocrx_word' id='word_1_231' title='bbox 814 3225 897 3284; x_wconf 90' lang='lat' dir='ltr'>dicta</span> <span class='ocrx_word' id='word_1_232' title='bbox 928 3244 995 3284; x_wconf 89' lang='lat' dir='ltr'>esse</span> <span class='ocrx_word' id='word_1_233' title='bbox 1026 3228 1160 3282; x_wconf 88' lang='lat' dir='ltr'>censent.</span> <span class='ocrx_word' id='word_1_234' title='bbox 1213 3218 1311 3290; x_wconf 82' lang='lat' dir='ltr'>Quem</span> 
     </span>
     <span class='ocr_line' id='line_1_30' title="bbox 180 3323 1312 3406; baseline -0.004 -18"><span class='ocrx_word' id='word_1_235' title='bbox 180 3329 374 3388; x_wconf 78' lang='lat' dir='ltr'>vehementis</span> <span class='ocrx_word' id='word_1_236' title='bbox 406 3329 523 3406; x_wconf 87' lang='lat' dir='ltr'>ingenii</span> <span class='ocrx_word' id='word_1_237' title='bbox 553 3327 650 3388; x_wconf 86' lang='lat' dir='ltr'>fuisse</span> <span class='ocrx_word' id='word_1_238' title='bbox 681 3329 757 3388; x_wconf 92' lang='lat' dir='ltr'>haec</span> <span class='ocrx_word' id='word_1_239' title='bbox 790 3324 970 3406; x_wconf 78' lang='lat' dir='ltr'>Suetonii1)</span> <span class='ocrx_word' id='word_1_240' title='bbox 1002 3326 1097 3386; x_wconf 87' lang='lat' dir='ltr'>verba</span> <span class='ocrx_word' id='word_1_241' title='bbox 1126 3323 1312 3391; x_wconf 68' lang='lat' dir='ltr'>ostenduntz</span> 
     </span>
     <span class='ocr_line' id='line_1_31' title="bbox 183 3427 1311 3507; baseline -0.001 -18"><span class='ocrx_word' id='word_1_242' title='bbox 183 3429 263 3507; x_wconf 90' lang='lat' dir='ltr'>„fuit</span> <span class='ocrx_word' id='word_1_243' title='bbox 286 3438 388 3491; x_wconf 90' lang='lat' dir='ltr'>autem</span> <span class='ocrx_word' id='word_1_244' title='bbox 418 3442 547 3491; x_wconf 90' lang='lat' dir='ltr'>naturae</span> <span class='ocrx_word' id='word_1_245' title='bbox 571 3432 700 3491; x_wconf 90' lang='lat' dir='ltr'>acerbae</span> <span class='ocrx_word' id='word_1_246' title='bbox 723 3452 784 3490; x_wconf 93' lang='lat' dir='ltr'>non</span> <span class='ocrx_word' id='word_1_247' title='bbox 805 3430 896 3490; x_wconf 91' lang='lat' dir='ltr'>modo</span> <span class='ocrx_word' id='word_1_248' title='bbox 918 3430 950 3488; x_wconf 93' lang='lat' dir='ltr'>in</span> <span class='ocrx_word' id='word_1_249' title='bbox 973 3427 1202 3505; x_wconf 64' lang='lat' dir='ltr'>antisophistas</span> <span class='ocrx_word' id='word_1_250' title='bbox 1233 3448 1311 3502; x_wconf 90' lang='lat' dir='ltr'>quos</span> 
     </span>
     <span class='ocr_line' id='line_1_32' title="bbox 181 3530 1312 3612; baseline -0.004 -18"><span class='ocrx_word' id='word_1_251' title='bbox 181 3538 265 3594; x_wconf 89' lang='lat' dir='ltr'>omni</span> <span class='ocrx_word' id='word_1_252' title='bbox 295 3537 326 3592; x_wconf 92' lang='lat' dir='ltr'>in</span> <span class='ocrx_word' id='word_1_253' title='bbox 358 3535 517 3594; x_wconf 90' lang='lat' dir='ltr'>occasione</span> <span class='ocrx_word' id='word_1_254' title='bbox 547 3534 704 3612; x_wconf 89' lang='lat' dir='ltr'>laceravit,</span> <span class='ocrx_word' id='word_1_255' title='bbox 734 3535 788 3594; x_wconf 89' lang='lat' dir='ltr'>sed</span> <span class='ocrx_word' id='word_1_256' title='bbox 821 3537 913 3593; x_wconf 89' lang='lat' dir='ltr'>etiam</span> <span class='ocrx_word' id='word_1_257' title='bbox 943 3532 975 3590; x_wconf 94' lang='lat' dir='ltr'>in</span> <span class='ocrx_word' id='word_1_258' title='bbox 1006 3530 1183 3608; x_wconf 89' lang='lat' dir='ltr'>discipulos,</span> <span class='ocrx_word' id='word_1_259' title='bbox 1215 3540 1249 3589; x_wconf 90' lang='lat' dir='ltr'>ut</span> <span class='ocrx_word' id='word_1_260' title='bbox 1280 3540 1312 3590; x_wconf 90' lang='lat' dir='ltr'>et</span> 
     </span>
     <span class='ocr_line' id='line_1_33' title="bbox 180 3633 1311 3715; baseline -0.002 -20"><span class='ocrx_word' id='word_1_261' title='bbox 180 3637 332 3696; x_wconf 89' lang='lat' dir='ltr'>Horatius</span> <span class='ocrx_word' id='word_1_262' title='bbox 355 3636 511 3713; x_wconf 86' lang='lat' dir='ltr'>significat</span> <span class='ocrx_word' id='word_1_263' title='bbox 525 3638 688 3715; x_wconf 84' lang='lat' dir='ltr'>plagosum</span> <span class='ocrx_word' id='word_1_264' title='bbox 703 3656 773 3696; x_wconf 88' lang='lat' dir='ltr'>eum</span> <span class='ocrx_word' id='word_1_265' title='bbox 796 3635 955 3714; x_wconf 90' lang='lat' dir='ltr'>appellans</span> <span class='ocrx_word' id='word_1_266' title='bbox 972 3641 1003 3692; x_wconf 87' lang='grc'>61</span> <span class='ocrx_word' id='word_1_267' title='bbox 1018 3633 1172 3692; x_wconf 90' lang='lat' dir='ltr'>Domitius</span> <span class='ocrx_word' id='word_1_268' title='bbox 1188 3633 1311 3693; x_wconf 87' lang='lat' dir='ltr'>Marsus</span> 
     </span>
     <span class='ocr_line' id='line_1_34' title="bbox 179 3739 335 3800; baseline -0.013 0"><span class='ocrx_word' id='word_1_269' title='bbox 179 3739 335 3800; x_wconf 87' lang='lat' dir='ltr'>scribens:</span> 
     </span>
    </p>

    <p class='ocr_par' dir='ltr' id='par_1_6' title="bbox 180 3837 1311 4127">
     <span class='ocr_line' id='line_1_35' title="bbox 360 3837 1141 3920; baseline -0.009 -18"><span class='ocrx_word' id='word_1_270' title='bbox 360 3842 492 3920; x_wconf 87' lang='lat' dir='ltr'>Siquos</span> <span class='ocrx_word' id='word_1_271' title='bbox 516 3841 653 3903; x_wconf 91' lang='lat' dir='ltr'>Orbilius</span> <span class='ocrx_word' id='word_1_272' title='bbox 676 3841 776 3902; x_wconf 86' lang='lat' dir='ltr'>ferula</span> <span class='ocrx_word' id='word_1_273' title='bbox 800 3840 978 3915; x_wconf 89' lang='lat' dir='ltr'>scutioaque</span> <span class='ocrx_word' id='word_1_274' title='bbox 1002 3837 1141 3897; x_wconf 81' lang='lat' dir='ltr'>cecidit.“</span> 
     </span>
     <span class='ocr_line' id='line_1_36' title="bbox 180 3940 1311 4017; baseline -0.007 -10"><span class='ocrx_word' id='word_1_275' title='bbox 180 3945 334 4007; x_wconf 89' lang='lat' dir='ltr'>Orbilium</span> <span class='ocrx_word' id='word_1_276' title='bbox 373 3967 445 4006; x_wconf 90' lang='lat' dir='ltr'>vero</span> <span class='ocrx_word' id='word_1_277' title='bbox 482 3947 565 4007; x_wconf 89' lang='lat' dir='ltr'>Livii</span> <span class='ocrx_word' id='word_1_278' title='bbox 598 3945 769 4005; x_wconf 88' lang='lat' dir='ltr'>Andronici</span> <span class='ocrx_word' id='word_1_279' title='bbox 807 3943 941 4004; x_wconf 88' lang='lat' dir='ltr'>earmina</span> <span class='ocrx_word' id='word_1_280' title='bbox 979 3940 1139 4017; x_wconf 87' lang='lat' dir='ltr'>discipulis</span> <span class='ocrx_word' id='word_1_281' title='bbox 1177 3940 1311 4000; x_wconf 86' lang='lat' dir='ltr'>dictasse</span> 
     </span>
     <span class='ocr_line' id='line_1_37' title="bbox 182 4047 960 4127; baseline -0.006 -18"><span class='ocrx_word' id='word_1_282' title='bbox 182 4051 333 4110; x_wconf 89' lang='lat' dir='ltr'>Horatius</span> <span class='ocrx_word' id='word_1_283' title='bbox 357 4049 423 4127; x_wconf 90' lang='lat' dir='ltr'>ipse</span> <span class='ocrx_word' id='word_1_284' title='bbox 446 4050 536 4110; x_wconf 91' lang='lat' dir='ltr'>testis</span> <span class='ocrx_word' id='word_1_285' title='bbox 560 4048 660 4109; x_wconf 88' lang='lat' dir='ltr'>estin</span> <span class='ocrx_word' id='word_1_286' title='bbox 685 4049 774 4126; x_wconf 88' lang='lat' dir='ltr'>epist.</span> <span class='ocrx_word' id='word_1_287' title='bbox 797 4047 831 4107; x_wconf 94' lang='lat' dir='ltr'>II</span> <span class='ocrx_word' id='word_1_288' title='bbox 856 4050 870 4105; x_wconf 90' lang='lat'>1</span> <span class='ocrx_word' id='word_1_289' title='bbox 906 4047 960 4105; x_wconf 84' lang='lat'>69:</span> 
     </span>
    </p>
   </div>
   <div class='ocr_carea' id='block_1_4' title="bbox 270 4216 639 4286">
    <p class='ocr_par' dir='ltr' id='par_1_7' title="bbox 270 4216 639 4286">
     <span class='ocr_line' id='line_1_38' title="bbox 270 4216 639 4286; baseline -0.005 -16"><span class='ocrx_word' id='word_1_290' title='bbox 270 4220 295 4284; x_wconf 86' lang='lat'>1)</span> <span class='ocrx_word' id='word_1_291' title='bbox 313 4217 348 4271; x_wconf 88' lang='lat' dir='ltr'>de</span> <span class='ocrx_word' id='word_1_292' title='bbox 365 4217 464 4270; x_wconf 84' lang='lat' dir='ltr'>illustr.</span> <span class='ocrx_word' id='word_1_293' title='bbox 483 4232 596 4286; x_wconf 87' lang='lat' dir='ltr'>gramm.</span> <span class='ocrx_word' id='word_1_294' title='bbox 615 4216 639 4270; x_wconf 85' lang='lat'>9.</span> 
     </span>
    </p>
   </div>
   <div class='ocr_carea' id='block_1_5' title="bbox 0 0 1495 4822">
    <p class='ocr_par' dir='ltr' id='par_1_8' title="bbox 0 0 1495 4822">
     <span class='ocr_line' id='line_1_39' title="bbox 0 0 1495 4822; baseline 0 0"><span class='ocrx_word' id='word_1_295' title='bbox 0 0 1495 4822; x_wconf 95' lang='lat' dir='ltr'> </span> 
     </span>
    </p>
   </div>
  </div>
 </body>
</html>
