2956 4822
632 250 844 315 ..39-

255 420 371 483 Iisdem
394 419 529 482 fortasse
553 430 608 482 aut
623 421 777 482 similibus
801 422 991 499 argumentis
1013 421 1062 480 usi
1084 420 1224 481 nonnulli
1245 441 1307 480 v1r1

170 525 254 584 docti
270 524 476 602 scriptoribus
499 525 576 585 setis
592 528 675 586 notis
698 526 754 585 hos
769 545 879 585 versus
903 525 1121 585 attribuerunt.
1153 524 1306 597 Quattuor

170 626 352 703 sententiae,
383 636 534 703 quantum
556 630 638 706 scio,
671 628 709 688 de
733 633 859 688 auctore
882 627 973 686 huius
997 626 1117 686 exordii
1139 632 1212 687 sunt
1235 645 1305 704 pro-

169 729 267 788 latae:
311 729 504 791 Kirchnerus
537 730 631 791 Furio
653 731 823 805 Bibacu10,
851 730 993 790 Ritterus
1024 728 1143 790 Orbilio
1172 729 1305 807 Pupillm

170 832 221 896 rr.
239 831 271 892 O.
287 833 484 894 Hermannus
500 833 628 906 Fannio,
652 832 808 911 Sengerus
830 832 971 893 Remmia
994 831 1173 892 Palaemoni
1195 851 1304 891 versus

175 934 344 1000 vindicent.

255 1040 302 1098 Ao
338 1038 552 1099 Ritterum
586 1038 728 1118 opinione
771 1039 837 1098 labi
868 1039 950 1099 ultro
982 1037 1196 1118 appariturum
1235 1057 1303 1098 esse

170 1162 268 1220 spero.
312 1142 483 1217 Postquam
511 1141 600 1200 illum
629 1159 772 1218 asperum
802 1146 834 1200 et
869 1141 1008 1219 ineptum
1030 1139 1200 1217 hominem,
1234 1139 1305 1216 „qui

170 1245 300 1304 multum
323 1252 484 1324 puerumst
506 1243 580 1304 loris
604 1252 635 1304 et
658 1242 785 1310 funibus
809 1244 880 1303 udis
903 1243 1117 1320 exhortatus“,
1148 1241 1302 1303 Orbilium

171 1367 238 1407 esse
253 1347 498 1424 intellegendum
521 1367 674 1425 exponere
698 1346 800 1406 conati
823 1366 937 1423 sumus,
960 1344 1027 1405 fieri
1050 1366 1111 1406 non
1133 1351 1245 1424 potest,
1268 1353 1303 1411 ut

170 1450 252 1511 idem
275 1456 383 1510 auctor
404 1450 514 1509 horum
536 1469 681 1509 versuum
703 1448 806 1508 fuerit.

255 1569 550 1644 Hermannus1)
583 1569 702 1629 Fannio
733 1570 789 1628 hos
812 1588 921 1628 versus
949 1566 1069 1628 tribuit.
1113 1567 1198 1627 Illud
1221 1567 1302 1627 enim

170 1679 279 1733 tenens
316 1672 373 1732 hos
421 1680 490 1732 octo
528 1692 636 1732 versus
681 1692 750 1732 esse
795 1670 954 1731 exordium
998 1673 1113 1731 satirae
1151 1670 1302 1731 adversus

171 1775 334 1835 Horatium
357 1775 492 1853 scriptae
516 1774 674 1835 concludit
697 1783 855 1834 auctorem
879 1792 946 1833 esse
970 1773 1132 1850 Fannium,
1155 1792 1300 1849 arrogan-

165 1865 233 1939 tem
254 1878 343 1936 illum
365 1878 595 1955 malignumque
618 1877 742 1937 Horatii
766 1896 941 1953 censorem,
973 1897 1062 1953 quem
1092 1879 1205 1936 satiras
1228 1874 1302 1934 scri·

171 1981 271 2061 psisse
294 1981 461 2040 Horatiani
483 1980 670 2041 scholiastae
693 1981 898 2041 tradiderunt.
943 1979 1105 2039 Eiusmodi
1126 1978 1302 2039 rationibus

169 2087 279 2144 merito
303 2086 557 2162 obstupescimus.
602 2084 682 2144 Nam
704 2092 928 2163 praeterquam,
953 2084 1036 2161 quod
1058 2083 1118 2142 hoc
1140 2081 1300 2142 exordium

171 2189 203 2247 in
224 2187 390 2248 Horatium
413 2188 541 2246 missum
564 2206 631 2246 esse
653 2206 715 2245 non
737 2192 849 2264 potest,
881 2188 984 2247 omnia
1006 2195 1196 2262 argumenta,
1220 2202 1299 2259 quae

170 2289 367 2349 Hermannus
397 2287 503 2366 ail'ert,
533 2297 568 2348 ut
597 2288 686 2347 illum
720 2295 803 2348 certe
833 2289 997 2348 mediocris
1029 2285 1145 2364 ingenii
1177 2293 1301 2362 poetam

170 2393 227 2453 hos
258 2412 368 2452 versus
400 2391 608 2471 composuisse
630 2392 750 2469 probet,
780 2391 856 2450 mihi
878 2399 1041 2468 tantopere
1068 2391 1209 2465 quaesita
1232 2407 1301 2449 esse

169 2496 321 2571 videntur,
345 2502 380 2554 ut
403 2495 441 2554 de
464 2497 509 2554 eis
532 2495 621 2572 plura
644 2494 747 2554 dicere
769 2494 847 2553 nihil
869 2494 1012 2554 attineat.

255 2597 411 2673 Sequitur,
433 2604 576 2673 utquam
593 2596 768 2677 opinionem
790 2618 903 2674 magna
927 2616 995 2656 cum
1017 2594 1132 2654 fiducia
1154 2593 1302 2653 Kirch-

169 2720 296 2761 nerus
317 2699 484 2777 protulerit
507 2700 755 2777 contemplemur.
800 2698 861 2770 Qui
890 2697 1023 2758 confisus
1052 2698 1111 2757 hoc
1141 2696 1300 2756 exordium

169 2823 237 2864 esse
259 2800 433 2881 profectum
455 2802 495 2862 ab
519 2801 642 2878 aequali
672 2803 804 2878 quodam
827 2808 859 2860 61
890 2802 988 2860 amico
1012 2801 1139 2861 Catonis
1162 2801 1302 2877 assignat

169 2926 277 2966 versus
300 2905 394 2965 Furio
425 2905 584 2981 Bibaculo,
613 2907 666 2981 qui
689 2905 912 2965 consuetudine
934 2903 1053 2965 Valerii
1076 2903 1202 2964 Oatonis
1225 2922 1299 2962 usus

170 3016 202 3068 et
223 3012 290 3085 ipse
321 3009 354 3066 in
378 3007 529 3067 Orbilium
559 3012 700 3068 invectus
731 3011 780 3068 sit.
826 3007 868 3067 Et
889 3027 998 3067 revera
1019 3006 1144 3066 videtur
1166 3005 1300 3082 aliquam

172 3109 315 3169 veritatis
347 3109 481 3187 speciem
512 3110 626 3170 habere
656 3111 882 3188 argumentatio
905 3109 1081 3187 Kirchneri,
1110 3129 1172 3167 non
1194 3107 1301 3185 inepta

175 3211 298 3288 quidem
320 3212 374 3270 illa
396 3232 452 3289 per
473 3232 507 3272 se
530 3218 562 3271 et
585 3211 705 3272 duobus
721 3214 797 3273 locis
813 3214 1050 3288 accommodata,
1073 3211 1129 3271 scd
1152 3231 1212 3288 qua
1234 3210 1301 3289 ipse

171 3335 265 3393 supra
294 3313 418 3373 medum
452 3315 599 3375 abutitur.
653 3314 742 3387 Quod
771 3316 941 3376 Bibaculus
973 3315 1121 3375 Catonem
1156 3313 1299 3391 „unicum

170 3417 381 3494 magistrum“,
429 3437 598 3491 „summum
643 3421 907 3495 grammaticum“,
948 3417 1116 3495 „optimum
1154 3418 1296 3496 poetam“

170 3520 315 3598 appellat,
338 3519 386 3577 his
409 3520 512 3578 verbis
535 3519 618 3579 haud
640 3519 734 3579 dubie
750 3527 838 3580 tanta
860 3521 960 3598 pietas
976 3526 1007 3580 et
1022 3519 1179 3580 veneratio
1203 3518 1298 3595 signi-

168 3621 296 3699 ficetur,
333 3631 368 3680 ut
399 3641 468 3680 eum
500 3621 628 3682 Catonis
660 3624 793 3681 amicum
823 3628 854 3681 61
886 3621 1073 3699 discipulum
1103 3621 1201 3682 fuisse
1232 3621 1299 3681 iure

170 3724 312 3785 conicias
356 3725 460 3799 Atque
483 3745 552 3784 cum
575 3725 633 3783 hac
664 3724 782 3784 ratione
806 3725 930 3802 egregie
955 3724 1141 3784 concordare
1163 3724 1298 3801 videtur,

170 3827 252 3904 quod
281 3827 362 3904 apud
394 3826 573 3885 Suetonium
603 3826 654 3884 hic
687 3826 832 3886 Bibaculi
865 3846 974 3886 versus
1006 3834 1108 3886 exstat
1143 3825 1298 3902 „Orbilius

115 3916 116 3920 ¹
168 3931 294 3990 ubinam
324 3939 387 4005 est,
416 3931 590 3989 litterarum
620 3930 786 4007 oblivio?“,
817 3931 898 3990 unde
921 3929 1113 3991 Kirchnerus
1142 3928 1299 3989 concludit

170 4033 251 4091 hunc
267 4032 451 4091 Bibaculum
469 4035 591 4091 omnino
607 4054 663 4093 sua
685 4037 718 4092 in
735 4032 888 4093 Orbilium
903 4033 1073 4093 acerbitate
1097 4031 1300 4091 excellentem

254 4235 280 4302 1)
298 4232 458 4286 Zeitschriit
475 4233 522 4286 fiir
539 4233 588 4287 das
606 4232 858 4302 Gymnasialwesen
878 4235 952 4301 1868,
970 4251 997 4304 p.
1016 4233 1091 4288 1-8.
