2956 4822
651 317 863 384 ..35-

194 512 288 568 quam
323 489 412 550 nobis
445 489 524 548 nihil
558 490 708 550 traditum
747 499 810 567 est,
853 491 936 567 quod
964 490 1022 550 hoc
1058 493 1160 569 ipsum
1196 497 1331 552 testetur

192 593 344 654 Catonem
368 591 503 668 equitem
534 591 646 671 fuisse,
678 592 755 651 nihil
784 599 833 654 est
863 593 946 670 quod
967 594 1133 671 impediat,
1166 598 1329 670 quominus

192 703 367 757 statuamus
398 694 547 755 Catonem
584 697 721 772 equestri
750 695 817 756 loco
848 702 955 755 natum
989 716 1065 758 esse.
1108 696 1197 756 Inter
1226 716 1328 776 gram-
1430 686 1435 696 ⁸

193 798 324 859 matioos
361 805 427 856 tum
464 818 526 858 non
557 802 651 877 pauci
689 802 810 876 equites
854 807 943 859 erant
976 801 1060 876 iique
1099 799 1226 861 Catonis
1263 800 1327 863 fere

193 900 348 977 aequales,
371 908 407 959 ut
422 899 589 961 Suetonius
611 899 644 959 in
667 900 772 961 libello
796 900 834 961 de
856 902 967 962 illustr.
990 922 1115 979 gramm.
1139 923 1163 962 c.
1180 905 1208 962 2.
1230 911 1327 964 testa-

192 1011 260 1065 tur:
296 1003 527 1078 „instruxerunt
558 1011 771 1080 auxeruntque
801 1006 841 1064 ab
864 1007 946 1064 omni
975 1011 1064 1083 parte
1093 1007 1327 1083 grammaticam

194 1108 229 1166 L.
252 1107 359 1167 Aelius
381 1106 563 1166 Lanuvinus
593 1127 749 1184 generque
772 1107 854 1167 Aelii
877 1107 1004 1169 Servius
1027 1107 1163 1185 Clodius,
1196 1116 1327 1186 uterque

193 1229 288 1286 eques
305 1209 463 1281 Romanus
478 1208 628 1285 multique
641 1229 676 1269 ao
691 1209 770 1270 varii
785 1218 817 1270 et
839 1210 872 1270 in
895 1210 1036 1271 doctrina
1059 1218 1091 1271 et
1112 1215 1143 1271 in
1167 1213 1326 1290 republica

192 1315 286 1372 usus“
322 1317 353 1370 et
384 1309 496 1370 deinde
533 1312 681 1388 ,posthac
711 1313 809 1390 magis
833 1333 868 1373 ao
890 1315 990 1391 magis
1022 1321 1053 1373 et
1075 1318 1177 1391 gratia
1199 1324 1230 1375 et
1252 1334 1326 1376 cura

195 1414 273 1475 artis
296 1415 447 1488 increvit,
478 1421 513 1472 ut
534 1434 573 1474 ne
597 1414 759 1475 clarissimi
781 1415 905 1492 quidem
927 1415 987 1476 viri
1010 1417 1226 1494 abstinuerint,
1250 1438 1325 1494 quo·

193 1519 295 1579 minus
326 1525 357 1577 et
386 1515 448 1593 ipsi
478 1515 597 1591 aliquid
629 1516 667 1576 de
690 1537 727 1576 ea
749 1517 950 1578 scriberent“.
993 1520 1098 1595 Atque
1120 1519 1175 1578 illa
1198 1519 1325 1582 Catonis

193 1603 305 1697 aetate,
329 1639 389 1696 qua
412 1617 599 1678 Graecorum
622 1629 703 1682 artes
726 1640 763 1680 ac
785 1620 909 1680 litterae
933 1641 950 1679 a
973 1621 1164 1699 principibus
1183 1625 1325 1683 omnibus

195 1722 331 1784 civitatis
347 1723 505 1780 Romanae
522 1723 598 1781 viris
614 1721 725 1800 cupide
741 1725 835 1782 amari
852 1729 883 1783 et
898 1723 1037 1784 studiose
1052 1725 1182 1784 tractari
1198 1733 1325 1804 coeptae

184 1834 275 1902 sunt,
292 1827 413 1902 equites
429 1824 580 1902 imprimis
595 1824 652 1884 has
668 1825 847 1886 avidissime
863 1826 1030 1903 arripuisse
1053 1835 1085 1888 et
1106 1835 1233 1908 putatos
1257 1849 1324 1891 esse

193 1928 333 1988 homines
362 1927 477 1987 litteris
505 1927 674 1987 instructos
704 1935 735 1987 et
765 1927 841 1988 artis
863 1929 981 2007 peritos
1011 1950 1049 1989 ex
1071 1930 1177 1991 multis
1200 1930 1324 1992 Horatii

193 2030 313 2107 louis1)
346 2033 424 2090 satis
458 2029 621 2107 perspicue
653 2030 846 2108 intellegitur
854 2051 861 2107 3
894 2052 953 2091 non
989 2053 1050 2092 uno
1079 2032 1146 2094 loco
1176 2035 1324 2095 Horatius

194 2132 315 2211 equites
331 2131 475 2191 indoctae
490 2132 672 2210 plebeculae
688 2133 815 2211 opponit
831 2140 923 2210 atque
939 2137 1051 2194 iterum
1068 2143 1099 2194 et
1120 2138 1232 2196 iteruin
1249 2136 1325 2198 dicit

193 2256 227 2296 se
242 2255 317 2314 prae
332 2236 440 2294 horum
456 2234 654 2312 prudentium
669 2235 803 2296 virorum
818 2236 910 2295 laude
929 2236 1091 2314 imperitae
1113 2238 1324 2300 multitudinis

193 2337 453 2417 vituperationem
475 2358 626 2416 spernere.

278 2460 298 2538 ξ
321 2461 370 2518 20.
408 2459 581 2537 Supersunt
596 2448 697 2519 autem
714 2460 810 2519 verba
822 2458 940 2518 exordii
952 2465 1107 2536 postrema
1126 2467 1179 2535 „ut
1197 2460 1320 2520 redeam

191 2555 296 2621 illuc“.
339 2562 418 2621 Fere
442 2582 561 2638 omnes,
585 2565 638 2638 qui
660 2562 699 2622 de
732 2561 790 2620 hoc
820 2564 974 2639 prooemio
1006 2562 1254 2641 disputaverunt,
1276 2582 1322 2622 re·

192 2672 358 2724 secuerunt
380 2664 458 2724 haec
495 2673 547 2739 „ut
576 2664 699 2724 redeam
731 2665 824 2724 illuc“
857 2669 917 2725 rati
947 2685 1008 2724 non
1041 2667 1080 2725 ab
1108 2669 1176 2746 ipso
1206 2663 1324 2727 exordii

193 2776 317 2828 auctore
349 2767 479 2845 scripta,
510 2767 565 2828 sed
596 2767 770 2843 aquodam
792 2769 929 2846 homine,
960 2776 995 2828 ut
1018 2768 1194 2829 efficeretur
1215 2785 1322 2842 nexus,

193 2870 304 2930 adsuta
320 2890 396 2930 esse.
426 2870 578 2947 Equidem
592 2871 641 2930 his
657 2872 732 2931 viris
748 2869 907 2948 astipulor,
930 2891 1114 2950 quamquam
1133 2892 1193 2931 non
1213 2870 1321 2948 ignoro

193 2971 357 3031 Horatium
387 2993 480 3051 saepe
513 2980 577 3031 tam
608 2973 756 3052 abruptas
786 2977 1049 3051 transgressiones
1080 2973 1199 3034 fecisse.
1241 2972 1322 3032 Nam

192 3094 316 3150 quoquo
339 3083 369 3134 te
392 3075 532 3152 verteris,
554 3082 589 3134 ut
611 3096 717 3136 sanam
739 3076 925 3137 sententiam
948 3099 986 3137 ex
1008 3078 1057 3137 his
1079 3077 1184 3137 verbis
1208 3075 1321 3144 elicias,

193 3187 371 3237 nontamen
388 3178 482 3237 alium
497 3198 622 3238 sensum
637 3178 708 3239 inde
724 3179 923 3256 extorquebis
946 3180 1006 3240 nisi
1029 3200 1106 3256 eum,
1128 3183 1181 3256 qui
1200 3179 1323 3238 Horatii

193 3299 261 3339 esse
283 3300 345 3338 non
366 3281 473 3358 possit.
519 3279 585 3352 Quo
617 3283 697 3340 enim
720 3280 883 3341 referenda
906 3291 955 3342 est
977 3283 1053 3342 haec
1075 3282 1206 3360 relativa
1229 3279 1322 3342 enun-

193 3380 304 3441 tiatio?
335 3383 427 3441 Multi
442 3383 631 3461 respondent
645 3383 754 3443 referri
776 3385 816 3442 ad
838 3385 940 3444 locum
963 3384 1001 3444 de
1024 3384 1144 3445 Lucilio
1168 3385 1322 3446 mendoso.

193 3483 255 3544 Sed
286 3485 344 3545 hac
378 3485 498 3545 ratione
527 3505 636 3546 vereor
668 3506 706 3546 ne
745 3486 956 3547 dubitationes
993 3508 1054 3548 non
1083 3495 1219 3548 remotae
1250 3491 1322 3548 sint.

194 3586 357 3647 Horatium
374 3591 454 3648 enim
469 3589 659 3649 nullomodo
682 3589 722 3648 ad
744 3589 785 3666 id,
809 3589 891 3664 quod
912 3591 945 3649 in
968 3591 1093 3650 exordio
1113 3598 1323 3670 proposuerat,

193 3689 293 3750 redire
325 3698 356 3751 et
388 3692 579 3770 interpositis
611 3692 715 3752 verbis
751 3699 802 3766 „ut
824 3692 949 3752 redeam
971 3693 1064 3754 illuc“
1089 3715 1259 3755 sermonem
1283 3694 1323 3754 ad

195 3793 279 3851 alind
310 3787 473 3856 transferri
503 3803 596 3873 atque
628 3797 659 3854 in
690 3796 814 3855 exordio
847 3800 1021 3873 expositum
1044 3806 1092 3857 est
1115 3797 1248 3857 dilucide
1272 3817 1322 3855 ex-

194 3894 350 3973 pedivisse
380 3898 456 3956 mihi
478 3898 593 3958 videor.
636 3899 766 3957 Poetam
795 3918 868 3957 vero
898 3899 1092 3977 ineptissima
1114 3900 1169 3959 illa
1192 3899 1320 3959 formula

194 4017 283 4056 usum
299 4017 375 4074 esse,
397 4008 432 4059 ut
448 3999 588 4060 diversas
604 4001 775 4061 sententias
793 4001 1029 4079 conglutinaret,
1051 4002 1124 4061 mihi
1142 4002 1323 4079 persuaderi

192 4120 255 4159 non
283 4108 394 4178 potest.
439 4101 523 4174 Quae
547 4124 615 4163 oum
645 4105 689 4162 ita
711 4104 788 4180 sint,
823 4103 980 4164 clausulae
1004 4094 1099 4164 verba
1125 4112 1177 4177 ,ut
1199 4104 1323 4164 redeam

281 4306 307 4360 ll
326 4302 361 4357 cf.
380 4309 432 4358 sat.
450 4303 465 4357 I
485 4303 526 4370 10,
544 4305 586 4371 76,
604 4304 682 4375 epist.
701 4303 732 4357 Π
752 4306 775 4370 1,
795 4305 843 4360 185
870 4305 905 4359 Α.
923 4304 954 4359 Ρ.
974 4306 1022 4359 113
1041 4297 1073 4360 et¹
1085 4305 1137 4361 248
1154 4302 1212 4376 sqq.

1082 4395 1120 4454 3*
