2956 4822
628 299 841 364 ..29-

299 471 389 546 „Non
413 472 557 548 equidem
586 471 723 533 insector
746 471 919 532 delendave
943 471 1080 531 carmina
1102 471 1174 531 Livi

261 605 264 612 ·
296 576 374 635 Esse
397 595 475 652 reor,
497 575 622 634 memini
645 594 723 651 quae
745 575 909 653 plagosum
930 574 1007 633 mihi
1029 594 1125 652 parvo

297 676 450 738 Orbilium
473 678 618 738 dictare.“

256 798 346 859 Unde
380 798 487 875 colligi
515 806 620 876 potest
644 796 795 857 Orbilium
826 800 1022 874 antiquorum
1051 806 1211 875 poetarum
1240 799 1302 858 lec-

168 900 284 962 tionem
315 901 502 979 praetulisse
533 900 636 961 studio
667 907 828 978 poetarum
861 900 1034 976 aequalium
1063 920 1193 977 eumque
1224 902 1304 961 anti·

171 1004 299 1080 quitatis
337 1005 582 1064 amantissimum
616 1005 851 1080 grammaticum
887 1001 990 1062 fuisse.
1042 1002 1129 1075 Quae
1160 1024 1228 1063 cum
1258 1004 1305 1064 ita

170 1110 240 1183 sint,
267 1105 345 1164 nihil
375 1111 483 1185 opinor
511 1115 567 1183 est,
598 1107 680 1183 quod
711 1106 868 1183 impediat,
898 1110 1061 1183 quominus
1094 1127 1163 1166 eum
1186 1107 1299 1167 Lucilii

170 1229 291 1286 quoque
322 1210 496 1270 studiosum
527 1220 559 1269 et
590 1210 622 1269 in
656 1210 721 1270 eius
756 1209 944 1269 carminibus
973 1209 1144 1270 tractandis
1179 1229 1302 1288 operam

168 1312 311 1390 posuisse
341 1320 524 1373 statuamus
576 1312 644 1385 Qua
673 1312 706 1371 in
737 1333 771 1371 re
800 1332 873 1372 vero
905 1311 1066 1389 Orbilium,
1096 1313 1241 1372 acerbum
1271 1320 1304 1372 et

168 1422 329 1475 morosum*
360 1416 559 1493 magistrum,
596 1416 854 1494 intemperantius
890 1423 1047 1475 versatum
1078 1434 1146 1476 esse
1175 1436 1194 1474 a
1224 1416 1302 1476 veri-

168 1516 372 1601 similitudine
394 1537 457 1577 non
481 1519 615 1577 alienum
638 1537 706 1578 esse
730 1527 867 1596 apparet.

255 1658 274 1734 ξ
300 1658 346 1716 17,
392 1656 475 1728 Quid
497 1676 569 1715 vero
593 1666 649 1732 est,
673 1655 754 1732 quod
772 1654 910 1715 Orbilius
932 1655 1006 1715 loris
1027 1664 1058 1715 et
1080 1654 1208 1715 funibus
1232 1656 1303 1715 udis

172 1760 280 1835 utitur,
309 1765 344 1818 ut
374 1760 544 1837 discipulos
574 1759 613 1818 ad
643 1758 748 1819 studia
776 1759 950 1818 litterarum
977 1757 1168 1837 capessenda
1190 1757 1305 1834 cogat?

172 1860 296 1940 Optimo
319 1865 386 1923 iure
415 1863 505 1922 multi
535 1862 722 1940 interpretes
750 1868 944 1938 negaverunt
973 1861 1115 1920 ludorum
1137 1862 1303 1938 magistros

172 1964 336 2042 segnitiam
360 1964 567 2025 Romanorum
589 1985 762 2043 puerorum,
785 1966 838 2040 qui
862 1984 964 2022 eorum
988 1963 1172 2042 disciplinae
1195 1963 1304 2029 traditi

170 2077 252 2146 sunt,
275 2069 391 2129 talibus
414 2068 675 2128 admonitionibus
699 2067 891 2126 discussisse.
936 2065 1057 2125 Sortem
1080 2073 1189 2126 contra
1211 2066 1304 2126 disci-

170 2172 312 2249 pulorum
346 2172 504 2248 aliquanto
536 2171 692 2230 meliorem
723 2167 819 2229 fuisse
852 2170 943 2229 docet
973 2169 1025 2227 ille
1048 2169 1177 2228 Domitii
1206 2168 1305 2228 Marsi

170 2293 287 2349 varana,
311 2294 401 2349 quem
424 2274 589 2334 Suetonius
612 2275 749 2334 servavit
772 2271 810 2332 de
832 2272 943 2332 illustr.
966 2256 1092 2349 gramm.
1116 2274 1151 2330 9:

328 2393 379 2468 „Si
407 2412 484 2470 quos
508 2392 646 2453 Orbilius
669 2392 769 2453 ferula
797 2393 978 2467 scuticaque
1002 2390 1144 2451 cecidit.“

170 2494 275 2571 Atque
299 2495 459 2574 Orbilium,
489 2518 670 2574 quamquam
695 2496 824 2556 acerbae
847 2504 976 2555 naturae
999 2505 1073 2571 erat,
1107 2495 1161 2554 illa
1190 2496 1303 2554 instru-

170 2607 283 2676 menta,
306 2600 418 2674 quibus
434 2603 516 2660 servi
533 2603 679 2677 castigari
698 2600 848 2676 solebant,
872 2599 1060 2675 adhibuisse,
1082 2607 1117 2657 ut
1132 2599 1237 2658 studia
1252 2618 1304 2657 ex-

172 2704 290 2780 citaret,
306 2702 365 2762 hoc
380 2703 456 2762 mihi
471 2723 531 2762 non
548 2711 676 2763 constat.
713 2703 791 2762 Mihi
808 2703 931 2779 quidem
948 2701 1074 2762 videtur
1089 2711 1197 2762 auctor
1212 2700 1304 2760 huius

172 2806 291 2866 exordii
321 2805 370 2865 his
399 2806 505 2866 verbis
535 2826 610 2866 usus
633 2826 710 2883 esse,
740 2811 774 2865 ut
796 2806 933 2882 leporem
956 2804 1109 2881 quendam
1132 2802 1303 2863 affectaret.

172 2908 249 2968 Eum
281 2908 421 2969 consulto
449 2908 529 2969 hanc
560 2928 623 2968 rem
656 2909 759 2969 verbis
791 2926 1005 2986 exasperasse,
1042 2916 1078 2967 ut
1107 2907 1303 2984 disciplinam

173 3012 259 3070 saevi
281 3013 420 3089 magistri
446 3011 631 3088 detraheret,
654 3031 742 3071 nemo
769 3019 817 3071 est
840 3012 913 3086 quin
937 3010 1110 3087 intellegat.

260 3130 348 3202 Quod
379 3151 451 3190 vero
483 3131 637 3207 nonnulli,
675 3133 728 3206 qui
759 3131 836 3190 haec
865 3131 960 3190 verba
990 3130 1120 3189 Horatio
1152 3131 1303 3206 tribuunt,

174 3232 281 3293 dicunt
302 3242 426 3312 poetam
450 3234 597 3293 hocloco
627 3235 729 3293 iocose
752 3233 869 3292 dixisse
899 3243 930 3292 et
959 3253 1015 3311 per
1037 3252 1204 3310 oxymoron
1226 3231 1302 3308 lepi-

173 3335 333 3396 dissimum
356 3338 498 3413 magistri
514 3337 713 3396 acerbitatem
732 3336 908 3396 describere
923 3336 1068 3413 voluisse,
1090 3336 1222 3414 probare
1242 3354 1303 3393 non

171 3460 313 3518 possum,
345 3447 376 3498 et
407 3439 489 3514 quod
521 3440 579 3499 hoc
608 3438 676 3499 loco
705 3440 792 3499 iocus
823 3458 883 3498 non
914 3445 1126 3517 exspectatur,
1157 3445 1189 3497 et
1220 3436 1303 3512 quod

171 3543 346 3619 Horatium,
376 3544 429 3617 qui
458 3543 525 3620 ipse
557 3540 669 3601 Orbilii
699 3541 870 3620 discipulus
899 3539 967 3617 fuit,
996 3541 1089 3600 fateri
1118 3561 1151 3600 se
1174 3541 1248 3599 loris
1272 3546 1304 3598 et

173 3644 301 3706 funibus
331 3645 402 3705 udis
425 3646 615 3722 exagitatum
645 3645 776 3719 ideoque
806 3663 964 3703 servorum
996 3643 1085 3703 modo
1116 3645 1303 3719 castigatum

175 3766 243 3807 esse
265 3768 327 3807 non
349 3748 512 3827 probabile
535 3756 591 3807 est.

259 3869 278 3945 ξ
304 3868 351 3926 18.
394 3867 527 3928 Accedit
560 3869 621 3928 alia
654 3866 825 3928 difficultas
859 3886 957 3942 eaque
990 3868 1093 3928 nescio
1127 3888 1166 3925 an
1199 3867 1304 3924 maior.

173 3968 342 4042 Quaeritur
373 3971 468 4046 enim,
500 3970 642 4047 quisnam
673 3971 725 4030 ille
757 3990 834 4049 puer
864 3969 1092 4046 intellegendus
1124 3973 1180 4041 sit,
1213 3987 1303 4044 quem

172 4073 311 4135 Orbilius
341 4075 400 4135 hac
429 4095 539 4135 severa
568 4074 734 4152 disciplina
764 4074 950 4134 educaverit.
995 4073 1043 4133 De
1073 4075 1131 4133 hac
1160 4092 1194 4131 re
1223 4072 1305 4131 inter

171 4181 254 4238 viros
278 4178 385 4238 doctos
408 4178 544 4236 nondum
567 4180 719 4237 convenit.

258 4279 347 4352 Quod
369 4280 526 4339 nonnullis
550 4279 580 4338 in
604 4288 737 4340 mentem
752 4279 838 4341 venit
858 4282 959 4358 ipsum
976 4279 1141 4339 Horatium
1162 4279 1304 4357 intellegi
