2956 4822
632 308 760 373 ...13
807 343 843 352 -

169 480 340 559 exhiberet,
363 479 416 557 qui
438 479 524 540 aliud
545 480 758 540 Maecenatem
788 489 820 539 et
843 479 1008 541 Horatium
1030 480 1217 559 coniungere
1239 498 1302 539 non

169 602 262 664 posse
284 583 442 644 vinculum
466 583 636 644 censebant
658 581 719 642 nisi
751 590 787 643 ut
816 581 867 643 hic
890 583 1156 645 assentatiuncula
1178 580 1302 662 patroni

169 685 303 766 gratiam
338 693 560 764 aucuparetur,
596 692 690 765 poeta
724 684 775 746 hic
808 686 949 746 consulto
985 706 1073 746 snam
1106 706 1175 746 oum
1204 684 1303 746 amico

169 786 298 851 vivendi
319 788 471 848 rationem
493 789 590 849 libere
603 787 764 866 exposuit,
785 795 822 848 ut
845 788 970 849 doceret
992 809 1026 850 se
1041 788 1222 867 neutiquam
1236 787 1303 848 eius

170 891 311 966 favorem
325 891 495 952 humilibus
511 890 631 951 artibus
647 891 709 951 sibi
724 889 905 952 conciliasse
920 911 1020 969 neque
1036 911 1069 952 se
1085 893 1114 951 ei
1128 891 1305 971 importune

174 980 354 1056 obtrusisse.
578 1066 581 1072 1

260 1095 381 1169 Quibus
405 1095 554 1174 expositis
577 1095 661 1156 hand
683 1095 728 1156 ita
750 1096 847 1168 multo
869 1104 942 1175 post
964 1116 1056 1173 quam
1073 1104 1166 1176 poeta
1180 1096 1213 1156 in
1229 1098 1303 1156 ami·

175 1220 279 1271 corum
301 1218 461 1259 numerum
484 1219 502 1258 a
524 1198 705 1260 Maecenate
736 1199 875 1261 adscitus
907 1207 956 1260 est
985 1199 1067 1260 hunc
1089 1219 1215 1260 versum
1236 1217 1305 1258 esse

173 1301 377 1381 compositum
400 1299 527 1361 conicio.

259 1403 321 1465 Hic
343 1423 417 1464 voro
440 1402 621 1480 diligentius
645 1403 855 1482 quaerendum
877 1404 1009 1483 videtur,
1032 1403 1156 1482 quando
1176 1403 1305 1465 aVario

174 1514 206 1569 et
228 1506 368 1584 Vergilio
392 1504 566 1565 Maecenati
588 1504 820 1567 commendatus
850 1513 882 1567 et
913 1527 973 1585 quo
996 1516 1135 1586 tempore
1157 1507 1238 1568 inter
1259 1509 1306 1566 in-

175 1598 305 1670 teriores
328 1609 395 1669 sius
417 1607 585 1669 familiares
607 1617 753 1691 receptus
776 1608 826 1670 sit.
872 1610 923 1669 Ad
946 1630 1037 1687 quam
1059 1630 1132 1688 rem,
1154 1629 1193 1670 ne
1214 1609 1306 1688 plane

177 1712 287 1790 incerti
310 1711 416 1789 simus,
435 1710 489 1771 illa
504 1719 657 1790 spectant,
680 1731 759 1789 quae
781 1715 848 1791 ipse
871 1712 1020 1773 Horatius
1042 1718 1150 1772 narrat
1163 1711 1195 1771 in
1210 1711 1308 1772 satira
1396 1792 1399 1797 ⁴

176 1815 248 1876 libri
271 1814 400 1878 secundi
423 1820 511 1874 sexta
534 1837 562 1874 v.
584 1816 627 1874 40
649 1834 724 1892 sqq,
746 1814 802 1875 ubi
824 1817 870 1876 sio
893 1825 957 1876 est:

306 1933 480 2014 „Septimus
504 1943 612 1996 octavo
636 1935 761 2014 propior
782 1936 844 1995 iam
865 1933 983 2012 fugerit
1005 1955 1104 1995 annus

305 2038 353 2096 Ex
376 2057 436 2114 quo
459 2037 623 2098 Maecenas
646 2057 695 2097 me
718 2041 820 2116 coepit
842 2038 957 2098 habere
980 2059 1105 2099 suorum

264 2197 266 2201 .
305 2141 345 2200 In
366 2160 493 2201 numero
510 2187 678 2201 ........
681 2143 696 2174 “

264 2277 308 2346 Ut
331 2298 404 2339 vero
438 2288 522 2338 certo
553 2277 675 2337 definiri
707 2277 821 2356 possit,
855 2298 915 2355 qno
945 2286 1082 2356 tempore
1114 2277 1191 2338 haec
1214 2277 1310 2336 verba

180 2383 296 2458 scripta
318 2384 394 2456 sint,
411 2401 539 2442 necesse
562 2390 610 2442 est
631 2400 782 2460 eruamus,
799 2381 921 2457 quando
936 2380 1013 2440 haec
1029 2379 1126 2440 satira
1141 2383 1311 2458 composita

180 2485 230 2543 sit.
274 2485 378 2560 Atque
399 2485 491 2545 huius
513 2486 628 2545 satirae
650 2504 748 2544 annus
771 2484 885 2544 natalis
907 2483 999 2544 facile
1022 2483 1176 2561 explorari
1198 2489 1309 2562 potest,

181 2585 265 2663 quod
287 2591 319 2647 in
342 2587 411 2666 ipsa
434 2588 530 2648 satira
553 2588 672 2664 aliquot
693 2587 810 2649 indicia
832 2587 1008 2666 exstant1).

266 2707 304 2766 In
327 2728 419 2767 versu
441 2707 533 2768 huius
556 2707 670 2767 satirae
694 2709 734 2766 53
757 2714 849 2785 poeta
865 2708 998 2784 aliquem
1013 2705 1134 2767 inducit
1148 2711 1309 2783 rogantem

182 2809 348 2888 „numquid
382 2811 420 2869 de
461 2810 556 2870 Dacis
586 2808 702 2869 audisti
710 2809 740 2868 Ψ*
794 2809 862 2870 Hac
896 2829 933 2870 ex
966 2809 1122 2869 Dacorum
1156 2809 1312 2867 mentione

183 2911 326 2988 efficitur,
351 2920 385 2972 nt
409 2912 506 2972 satira
528 2911 646 2989 scripta
669 2931 820 2972 essenon
842 2914 942 2990 possit
957 2920 1029 2972 ante
1044 2911 1137 2972 finem
1153 2909 1225 2970 anni
1241 2910 1311 2987 723,

184 3034 244 3089 qno
268 3014 348 3074 Daci
369 3015 502 3092 primum
524 3015 681 3076 Romanos
714 3018 808 3076 armis
838 3014 1002 3094 petierunt.
1045 3014 1125 3075 Daci
1147 3012 1236 3091 enim,
1259 3009 1313 3088 qni

185 3117 224 3177 ab
256 3115 427 3175 Octaviano
463 3118 561 3194 spreti
593 3116 632 3177 ad
662 3119 832 3178 Antonium
864 3118 1099 3194 inclinaverant,
1129 3114 1247 3195 proelio
1270 3113 1310 3173 ad

185 3217 310 3279 Actium
333 3216 416 3278 facto
441 3227 543 3280 tantos
566 3227 667 3280 motus
690 3221 823 3297 ciebant,
843 3228 878 3280 ut
890 3220 967 3280 vItali
983 3218 1122 3279 homines
1137 3237 1198 3277 non
1213 3215 1313 3293 magis

184 3323 315 3382 classem
338 3321 562 3400 Aegyptiacam
586 3342 678 3399 quam
704 3323 910 3383 incursionem
931 3323 1087 3384 Dacorum
1116 3320 1261 3381 timerent
1274 3316 1313 3399 ²).

185 3422 324 3496 Quacum
356 3424 475 3484 ratione
509 3424 632 3501 egregie
665 3425 846 3501 concordat,
882 3424 963 3501 quod
993 3425 1024 3482 in
1050 3423 1192 3485 uersibus
1218 3425 1259 3483 55
1284 3431 1315 3482 et

186 3529 226 3587 56
250 3527 401 3606 scriptum
423 3515 564 3605 legimns:

273 3749 298 3813 1)
316 3746 349 3798 ln
368 3745 420 3800 bac
442 3744 572 3816 temporis
594 3744 700 3798 ratione
723 3742 916 3798 constituenda
933 3742 1178 3810 Kirchnerum,
1202 3743 1315 3810 Quaest.

188 3829 287 3885 Horat.
312 3848 338 3900 p.
358 3833 390 3884 19
417 3838 527 3886 secutus
552 3846 627 3895 snm,
653 3829 732 3884 cuius
750 3831 913 3884 sententiam
942 3829 1089 3895 Franks,
1114 3828 1189 3883 Fast.
1215 3827 1316 3881 Horat.

186 3934 213 3987 p.
233 3917 292 3977 119,
309 3916 453 3969 Teuffel
471 3916 500 3968 in
518 3915 592 3968 Mus.
610 3914 698 3969 Rhen.
720 3931 744 3968 a.
765 3914 839 3980 1846,
857 3931 883 3984 p.
896 3914 956 3981 215,
974 3913 1134 3980 Brundes,
1152 3911 1316 3968 dceditione

188 4003 331 4071 utriusque
358 4001 421 4055 libri
446 4002 594 4055 satirarum
622 4001 744 4066 Horatii,
771 3999 844 4054 Diss.
871 3999 937 4054 Hal.
957 4000 1032 4066 1885,
1057 4001 1193 4068 ceterique
1222 4011 1316 4051 ornnes

188 4087 352 4143 recentiores
369 4086 531 4157 interpretes
549 4087 668 4157 amplexi
687 4091 760 4140 sunt.

274 4190 301 4258 2)
319 4189 374 4242 His
392 4189 523 4243 derebus
541 4189 611 4244 conf.
636 4189 711 4244 (lass.
730 4188 785 4244 Dio
803 4189 842 4242 LI
864 4189 907 4255 22,
926 4188 1001 4242 Plut.
1025 4189 1090 4242 Ant.
1109 4205 1134 4257 p.
1154 4187 1219 4251 495,
1246 4183 1317 4239 Hor.

189 4275 220 4330 C.
239 4276 286 4329 III
305 4277 330 4342 6,
350 4276 382 4329 13
400 4293 448 4345 sq„
467 4275 550 4345 Verg.
569 4275 668 4346 Georg.
686 4276 711 4341 ‘2‚
729 4277 788 4330 497.
