2956 4822
632 297 845 360 ..44-

174 473 205 525 et
220 466 394 526 studiorum
407 465 597 542 elegantium
614 467 706 527 laude
722 468 956 544 conspicuorum
971 469 1108 527 virorum
1122 466 1309 544 applausum

174 570 201 628 si
225 576 408 629 consecutus
431 567 534 646 fuerit,
560 568 637 629 satis
660 589 815 647 superque
838 569 900 630 sibi
923 567 1119 629 satisfactum
1142 588 1218 629 esse.

260 670 358 742 Quem
389 671 611 731 sententiarum
641 691 790 732 conexum
821 680 989 750 postquam
1023 671 1198 732 accuratius
1233 691 1307 731 con·

175 772 389 851 sideravimus,
413 781 544 852 apparet
568 775 624 834 hos
646 795 755 835 versus
778 794 847 834 cum
871 777 983 835 ceteris
1005 774 1083 834 satis
1106 782 1172 834 arte
1196 773 1308 834 cohae·

173 896 248 954 rere,
279 886 314 936 ut
336 897 396 935 uno
419 885 525 937 tenore
538 879 657 955 scripti
688 897 755 938 esse
777 877 905 954 possint.
949 876 1037 936 Nihil
1060 882 1167 936 contra
1190 875 1306 954 aptiuS,

174 987 209 1039 ut
231 981 339 1057 poesin
354 999 440 1040 suam
463 987 611 1054 tueretur,
633 1001 701 1040 mea
717 978 842 1056 quidem
858 979 1012 1039 sententia
1028 979 1177 1038 Horatius
1199 976 1307 1038 facere
1367 1024 1369 1028 .

173 1084 283 1160 potuit,
307 1102 397 1158 quam
419 1090 454 1141 ut
476 1081 612 1141 virorum
637 1082 796 1160 clarorum,
821 1084 874 1158 qui
897 1081 996 1160 ipsius
1013 1102 1105 1158 opera
1126 1080 1306 1159 probarent,

173 1185 297 1244 nomina
319 1184 512 1262 produceret.

144 1364 147 1371 Ι
260 1287 406 1364 Suspicor
436 1288 472 1346 L.
493 1288 686 1364 Muellerum,
716 1295 751 1347 ut
781 1309 867 1348 suam
897 1290 1082 1348 sententiam
1108 1290 1305 1365 proponeret,

174 1398 357 1451 commotum
388 1410 455 1451 esse
488 1411 524 1450 ea
555 1390 593 1450 de
622 1411 664 1468 re,
695 1391 776 1466 quod
798 1393 949 1452 Horatius
978 1393 1010 1450 in
1033 1398 1168 1451 extremo
1191 1391 1306 1448 iterum

114 1493 116 1500 ’
175 1493 214 1552 ad
229 1493 397 1554 malevolos
414 1495 583 1553 carminum
599 1479 722 1560 suorum
739 1495 963 1555 obtrectatores
978 1493 1068 1553 redit.
1111 1491 1305 1569 Quamquam

173 1596 205 1656 in
221 1597 279 1657 hac
294 1617 328 1656 re
343 1597 467 1657 minime
484 1595 703 1657 offendendum
719 1605 774 1658 est.
797 1597 873 1669 Quis
890 1605 937 1657 est
952 1596 1026 1672 quin
1043 1595 1165 1673 ignoret
1179 1593 1306 1653 Horatii
1327 1632 1330 1638 ·

174 1703 330 1777 egregiam
361 1699 539 1759 inveniendi
575 1703 677 1759 exitus
712 1707 825 1776 artem,
863 1720 923 1775 qua
957 1697 1063 1759 satiris
1096 1705 1128 1757 et
1160 1696 1305 1774 epistulis

173 1803 385 1879 inexspectato
417 1801 547 1877 quodam
579 1801 645 1860 ioco
677 1801 768 1861 finem
797 1821 889 1878 saepe
918 1800 1048 1878 imponit
1071 1800 1304 1877 legentiumque

175 1904 293 1964 animos
316 1911 406 1981 grata
422 1902 520 1963 afficit
542 1903 716 1964 hilaritate!
760 1905 801 1962 Et
824 1924 897 1964 sane
920 1903 1033 1980 quibus
1054 1904 1136 1963 votis
1153 1901 1304 1961 Horatius

174 2006 224 2066 hic
249 2026 336 2065 omne
359 2005 541 2066 acerbitatis
563 2006 650 2066 virus
673 2026 817 2066 evomens
839 2006 944 2065 nobile
966 2026 1023 2082 par
1044 2004 1175 2064 fratrum
1190 2003 1304 2063 Deme·

172 2111 265 2169 trium
298 2116 329 2168 et
351 2108 517 2185 Tigellium
546 2110 750 2186 prosequitur,
788 2129 857 2169 cum
887 2108 1002 2186 epilogi
1038 2112 1150 2167 natura
1187 2106 1304 2182 optime

174 2214 324 2290 congruit.
369 2210 446 2271 (lum
479 2210 576 2288 igitur
606 2218 699 2288 poeta
720 2211 998 2289 praecendentibus
1021 2210 1163 2270 versibus
1187 2209 1329 2267 amicos·

174 2310 400 2375 enumeraverit
434 2332 598 2389 eorumque
632 2318 664 2373 in
698 2316 801 2391 gratia
834 2333 901 2374 sese
939 2312 1073 2374 libenter
1106 2310 1303 2387 acquiescere

174 2416 294 2494 dixerit,
328 2415 430 2476 faceto
465 2416 572 2492 utique
606 2426 637 2477 et
669 2417 771 2494 lepido
805 2437 889 2476 more
921 2415 1090 2476 orationem
1119 2411 1303 2491 praecidens

173 2520 396 2579 obtrectatores
426 2519 513 2579 iubet
543 2519 627 2579 abire
656 2521 689 2578 in
718 2519 830 2579 malam
860 2540 925 2578 rem
947 2526 978 2578 et
1000 2519 1142 2578 hortatur
1164 2535 1303 2593 puerum,

172 2626 208 2679 ut
233 2622 345 2696 „haec“
371 2624 391 2680 i.
414 2641 439 2681 e.
461 2621 540 2680 hanc
570 2621 816 2699 valedictionem,
847 2630 881 2682 ut
902 2626 947 2681 ita
970 2620 1079 2697 dicam,
1110 2618 1216 2680 libello
1240 2621 1302 2677 cito

175 2723 369 2801 subscribat,
406 2733 441 2784 ut
473 2724 644 2784 adversarii
681 2733 876 2801 cognoscant,
914 2744 1006 2800 quam
1040 2743 1103 2782 non
1138 2729 1304 2780 moveatur

173 2846 277 2885 eorum
300 2826 441 2885 clamore.

258 2929 344 2988 Nihil
367 2928 464 3005 igitur
486 2937 542 3005 est,
566 2949 621 2989 cur
642 2949 750 2989 versus
774 2930 908 3006 81-90,
939 2929 992 3004 qui
1014 2947 1113 3004 neque
1135 2928 1196 3004 ipsi
1218 2923 1301 2984 diffi-

173 3031 320 3091 cultatem
342 3031 436 3090 ullam
459 3030 611 3108 praebent
641 3051 698 3090 nec
727 3031 808 3091 male
830 3031 955 3091 turbare
978 3050 1128 3090 conexum
1150 3027 1300 3089 sententi-

173 3154 260 3194 arum
289 3133 449 3211 videntur,
486 3134 518 3193 in
549 3133 685 3193 editione
713 3136 815 3212 priore
844 3133 973 3194 omissos
1002 3139 1034 3194 et
1062 3154 1080 3193 a
1109 3138 1300 3192 retractante

171 3245 263 3312 poet-a
296 3235 419 3295 additos
453 3255 521 3295 esse
553 3238 752 3312 suspicemur.
807 3237 912 3313 Irnmo,
951 3256 1019 3297 cum
1053 3235 1090 3296 de
1126 3235 1232 3294 amicis
1268 3240 1300 3293 et
1380 3227 1383 3232 ’

171 3337 344 3398 fautoribus
366 3338 517 3397 Horatius
546 3340 578 3397 in
609 3339 668 3399 hac
690 3341 786 3399 satira
808 3339 930 3398 omnino
952 3359 1013 3398 non
1038 3337 1158 3415 dixerit,
1188 3337 1240 3396 vel
1263 3355 1299 3396 eo

170 3460 232 3499 non
261 3439 338 3499 nihil
369 3439 451 3500 effici
483 3441 666 3501 crediderim
696 3450 802 3502 contra
831 3445 1060 3502 retractationis
1083 3439 1298 3517 suspicionem,

172 3542 253 3618 quod
286 3543 430 3603 versibus
462 3542 525 3602 illis
561 3543 682 3604 omissis
715 3545 896 3605 miraremur
932 3544 1096 3604 Horatium
1130 3541 1297 3602 amicorum

170 3645 355 3705 mentionem
377 3665 438 3704 non
461 3643 581 3706 fecisse.
625 3646 733 3722 Neque
755 3668 828 3708 vero
848 3647 1014 3724 quidquam
1031 3646 1071 3706 ad
1093 3645 1298 3706 secundarum

170 3769 311 3809 curarum
324 3748 497 3826 opinionem
508 3750 727 3810 stabiliendam
742 3771 777 3810 eo
794 3750 930 3829 affertur,
947 3751 1029 3826 quod
1044 3770 1153 3810 versus
1169 3749 1298 3811 81-80

169 3851 204 3911 L.
233 3851 382 3910 Muellero
413 3851 452 3910 ad
482 3854 667 3912 sententiam
698 3853 909 3931 complendam
939 3873 1000 3912 non
1030 3853 1198 3914 necessarii
1228 3873 1296 3915 esse

169 3953 322 4014 videntur.
378 3953 481 4025 Quid?
514 3955 541 4014 si
574 3975 679 4015 omnes
712 3955 934 4034 digressiones,
972 3976 1048 4031 quas
1079 3956 1229 4016 Horatius
1261 3964 1297 4016 ut

170 4062 332 4116 exornaret
347 4056 482 4116 carmina
494 4057 633 4117 consulto
650 4078 686 4118 ac
701 4058 869 4136 prudenter
884 4060 1022 4136 inseruit,
1037 4067 1201 4135 propterea
1213 4059 1296 4133 quod

169 4158 260 4219 facile
301 4179 353 4220 eas
393 4160 533 4219 omittere
573 4166 713 4238 poterat,
750 4161 893 4221 secundis
936 4163 1017 4220 curis
1060 4160 1183 4220 additas
1228 4181 1296 4222 esse

169 4263 375 4340 suspicemur!
420 4263 454 4322 Si
484 4283 561 4339 quae
593 4264 632 4324 ad
665 4265 808 4325 carminis
841 4266 932 4324 huius
954 4265 1004 4325 vel
1026 4264 1110 4324 illius
1133 4265 1296 4326 consilium
