2956 4822
654 1542 852 1612 Praefatio.

270 1737 289 1814 ξ
315 1739 341 1796 1.
385 1735 433 1796 De
462 1735 671 1814 temporibus,
703 1734 817 1812 quibus
855 1735 978 1795 Horatii
1007 1756 1100 1815 opera
1129 1736 1214 1798 edita
1248 1758 1316 1800 esse

179 1838 364 1917 videantur,
393 1839 511 1899 multae
541 1859 559 1898 a
588 1838 695 1898 multis
718 1837 793 1898 viris
817 1836 919 1898 doctis
941 1839 1105 1899 institutae
1127 1847 1201 1900 sunt
1224 1862 1337 1919 quae,

178 1942 308 2002 stiones.
338 1940 399 2001 Sed
415 1947 450 2001 ut
472 1960 577 2002 omnes
596 1939 635 2000 de
651 1939 826 2000 definiendo
849 1950 994 2019 tempore,
1017 1961 1078 2018 quo
1101 1943 1237 2004 carmina
1259 1965 1316 2005 sua

184 2045 335 2105 Horatius
358 2044 560 2122 evulgaverit,
584 2043 795 2104 dubitationes
818 2044 959 2104 sublatae
981 2047 1053 2122 sint,
1075 2052 1195 2105 tantum
1218 2045 1316 2122 abest,

183 2156 219 2209 ut
248 2147 389 2208 diversas
420 2147 451 2207 in
482 2155 588 2226 partes
623 2145 787 2206 discedant
817 2150 909 2206 etiam
939 2167 1021 2207 nuno
1055 2168 1092 2207 ea
1122 2149 1161 2208 de
1190 2169 1224 2209 re
1255 2149 1316 2209 viri

180 2250 278 2312 docti.

270 2370 440 2431 Exordium
470 2369 629 2431 scribendi
660 2373 743 2448 oepit
773 2369 924 2429 Horatius
954 2390 972 2429 a
1002 2370 1108 2430 satiris
1137 2382 1168 2431 et
1199 2372 1316 2450 epodis,

180 2473 244 2535 etsi
271 2473 451 2551 neutiquam
482 2472 631 2534 credibile
665 2481 712 2534 est
747 2493 816 2533 eum
847 2473 905 2533 hoc
934 2481 1072 2551 tempore
1103 2475 1211 2553 poesin
1241 2475 1315 2554 lyri-

185 2599 260 2655 cam,
284 2598 344 2655 qua
366 2584 474 2654 postea
496 2576 677 2653 excellebat,
700 2577 790 2654 plane
812 2576 987 2652 neglexisse
1010 2584 1042 2636 et
1064 2598 1124 2637 uno
1148 2579 1316 2656 eodemque

178 2686 321 2760 'tempore
344 2679 473 2740 eandem
495 2679 637 2740 incudem
659 2698 781 2758 semper
802 2677 1008 2758 tutudissel).
1047 2679 1108 2740 Sed
1131 2701 1316 2758 quamquam

183 2786 266 2844 inter
288 2803 393 2844 omnes
416 2781 481 2842 fere
504 2782 587 2843 viros
610 2782 734 2859 doctos,
765 2782 818 2858 qui
847 2782 879 2841 in
908 2782 1031 2842 Horatii
1054 2783 1199 2861 operibus
1221 2784 1315 2844 inter-

184 2885 346 2966 pretandis
368 2887 486 2945 versati
508 2891 590 2961 sunt,
619 2870 719 2962 prir‘na
741 2890 884 2962 poemata
907 2883 1004 2944 fuisse
1027 2885 1139 2945 satiras
1162 2885 1315 2962 convenit,

184 2996 289 3048 tamen
304 3008 363 3064 qno
388 3007 528 3064 quaeque
551 2987 647 3048 satira
669 3007 748 3047 anno
772 2987 888 3066 scripta
911 2995 942 3047 et
962 2988 1046 3047 edita
1068 2987 1110 3048 sit
1134 2991 1244 3047 mirum
1268 2996 1331 3048 est⁴

181 3098 376 3168 quantopere
404 3093 437 3149 in
469 3090 625 3150 diversum
656 3089 831 3150 sententiae
854 3090 992 3150 tendant.
1038 3090 1086 3149 De
1109 3111 1169 3167 qua
1192 3092 1315 3167 quidem

185 3213 219 3253 re
251 3192 478 3271 disputationes
509 3192 669 3254 doctorum
702 3192 837 3262 virorum
869 3197 935 3252 toto
971 3193 1055 3252 caelo
1089 3201 1124 3252 ut
1154 3195 1240 3254 aiunt
1270 3193 1332 3253 di·‘

185 3304 278 3374 stant,
301 3304 337 3356 ut
359 3314 464 3356 eorum
487 3294 649 3353 molestum
673 3293 714 3353 sit
737 3293 931 3354 dinumerare
954 3300 1135 3355 commenta.

270 3417 439 3493 Postquam
468 3412 654 3474 vetustiores
686 3414 810 3473 Horatii
834 3412 984 3490 editores,
1015 3413 1165 3492 imprimis
1188 3415 1314 3475 Tana·

181 3519 269 3597 ‹quil
292 3519 438 3594 Faber,
460 3515 695 3592 Rodellius,
718 3515 936 3592 Daoerius,
960 3515 1040 3576 Ioh.
1062 3516 1313 3595 Massonus2)

272 3723 297 3787 1)
321 3721 491 3776 Sententiam
517 3718 688 3782 Bentleii,
714 3718 760 3787 qui
792 3717 889 3770 statuit
914 3717 1064 3772 Horatium
1088 3734 1143 3771 uno
1168 3718 1316 3789 eodemque

185 3811 307 3876 tempore
324 3807 373 3859 uni
391 3812 501 3859 tantum
519 3810 677 3874 poematum
695 3806 786 3873 generi
803 3820 915 3856 vacasse
942 3808 968 3856 ct
987 3820 1035 3873 per
1052 3804 1161 3873 singula
1179 3820 1314 3857 annorum

180 3891 275 3961 spatia
288 3891 369 3945 modo
382 3893 488 3955 satiras,
506 3889 588 3944 modo
606 3889 716 3958 epodos,
734 3889 815 3942 modo
835 3889 976 3959 epistulas,
994 3889 1075 3943 modo
1094 3891 1216 3943 carmina
1231 3890 1315 3958 lyrica

184 3977 377 4045 composuisse,
394 3975 525 4030 refutavit
542 3974 636 4028 subtili
655 3974 841 4044 disputatione
858 3973 929 4027 Car.
944 3973 1165 4028 Kirchnerus
1183 3975 1210 4026 in
1233 3991 1314 4043 quae-

182 4061 321 4115 stionibus
341 4061 503 4116 Horatianis
520 4079 547 4131 p.
565 4063 641 4113 4-7.

270 4164 297 4231 2)
309 4164 378 4218 Vita
389 4163 509 4228 Horatii,
526 4163 622 4217 ordine
634 4162 826 4232 chronologica
843 4161 980 4216 delineata
998 4169 1029 4215 ut
1047 4162 1083 4215 sit
1101 4162 1159 4215 vioe
1177 4178 1314 4215 commen·

181 4250 250 4304 tarii
268 4249 392 4304 historici
411 4250 506 4302 critici.
542 4248 632 4318 Lugd.
653 4249 727 4302 1708.

1072 4336 1108 4395 1*
