2956 4822
632 380 673 390 -
718 344 760 409 34
793 301 844 390 ¹-

254 516 513 576 Kirchnerus
543 523 646 575 autem
675 515 752 575 haec
782 515 878 575 verba
905 513 1192 592 ,grammaticorum
1215 512 1303 588 equi·

169 625 235 679 tum
261 619 487 695 doctissimus“,
518 638 587 678 cum
609 617 649 676 ad
672 616 759 677 illum
785 617 1035 694 grammaticum,
1066 619 1119 692 qui
1141 635 1303 676 servorum

170 722 261 782 modo
295 721 467 798 castigatus
499 725 557 798 est,
587 727 623 779 ut
660 719 820 797 discipulis
854 719 1015 779 scientiam
1048 718 1222 777 litterarum
1255 719 1304 777 in-

171 824 323 897 culcaret,
356 823 441 882 nullo
472 821 563 883 modo
586 821 695 882 referri
725 842 816 899 posse
848 828 981 898 censeat,
1004 822 1044 881 ad
1065 823 1218 882 neminem
1240 822 1304 882 uisi

171 926 321 988 Catonem
344 937 415 1004 apte
437 927 578 985 revocari
606 945 698 1002 posse
720 932 807 986 ratus
831 937 886 1002 est,
919 927 1060 1000 quamvis
1082 925 1114 984 in
1137 923 1304 984 verborum

170 1031 390 1108 compositione
419 1027 537 1103 aliquid
567 1026 746 1088 offensionis
775 1033 807 1087 et
830 1029 1030 1106 asperitatem
1054 1027 1209 1104 quandam
1231 1047 1302 1088 esse

171 1134 363 1194 concederet.
406 1129 494 1189 Idem
517 1137 630 1207 tamen,
653 1150 721 1190 cum
744 1129 863 1190 diceret
885 1130 1036 1191 incertum
1060 1150 1137 1206 esse,
1160 1150 1200 1188 an
1223 1129 1304 1190 Oato

173 1242 301 1312 propter
331 1239 546 1312 paupertatem
580 1234 716 1308 equestri
750 1233 851 1293 ordini
868 1255 871 1261 ·
886 1253 947 1292 non
986 1233 1162 1311 adscriptus
1198 1231 1301 1309 fuerit,

170 1337 272 1397 locum
300 1337 387 1397 nulla
416 1356 450 1397 re
480 1335 540 1397 nisi
573 1338 750 1396 coniectura
772 1339 930 1414 proposita
960 1339 1062 1396 sanari
1093 1355 1183 1413 posse
1213 1343 1297 1396 ratus

170 1459 226 1517 pro
254 1439 430 1515 „equitum“
455 1439 653 1500 scribendum
676 1458 744 1499 esse
770 1438 948 1514 ,equidem“
975 1439 1094 1498 statuit.
1132 1439 1208 1497 Tam
1231 1437 1301 1498 libi·

171 1542 279 1603 dinose
301 1563 356 1603 suo
380 1543 508 1602 arbitrio
532 1561 624 1619 agere
640 1560 710 1601 cum
731 1541 850 1601 tradita
863 1540 995 1601 lectione
1018 1539 1094 1599 mihi
1117 1539 1195 1599 nihil
1217 1539 1304 1600 aliud

170 1665 238 1706 esse
261 1644 385 1705 videtur
407 1646 467 1704 nisi
491 1643 662 1703 doctrinam
684 1646 717 1703 in
739 1664 772 1703 re
796 1643 930 1704 absurda
953 1643 1091 1722 perdere.
1122 1642 1207 1714 Quae
1230 1662 1304 1703 con.

169 1748 289 1807 iectura
311 1767 403 1823 quam
425 1745 555 1805 infirmis
577 1748 696 1805 nitatur
717 1744 936 1823 fundamentis,
967 1765 1056 1804 nemo
1080 1744 1216 1822 negabit,
1239 1746 1311 1814 nisi

172 1848 252 1908 forte
276 1859 330 1909 aut
352 1848 565 1927 praeiudicata
588 1847 730 1924 opinione
754 1847 865 1907 ductus
888 1855 942 1906 aut
964 1846 1057 1906 nimio
1080 1846 1190 1906 ardore
1206 1867 1306 1908 novas

172 1970 221 2011 res
236 1953 269 2010 in
284 1952 419 2011 medium
432 1948 611 2028 proferendi
633 1950 781 2027 abreptus
796 1948 939 2010 futilibus
962 1951 1098 2010 inventis
1121 1950 1304 2011 delectatur.

256 2053 329 2130 Alii,
344 2051 968 2130 utHitzigiusetApitnius,eam
983 2054 1066 2113 viam
1081 2054 1306 2131 ingressisunt,

170 2162 206 2216 ut
220 2177 344 2217 versum
358 2156 447 2215 illum
469 2165 612 2215 octavum
634 2156 773 2232 spurium
795 2161 827 2214 et
850 2154 1014 2215 delendum
1037 2175 1105 2215 esse
1120 2156 1305 2216 iudicarent.

171 2259 275 2334 Atque
305 2259 451 2336 Apitzius
474 2256 553 2317 hanc
575 2261 760 2317 sententiam
786 2259 831 2317 ita
862 2258 1073 2318 commendere
1100 2258 1237 2335 studuit,
1271 2266 1309 2318 ut

172 2371 313 2422 censeret
334 2363 411 2422 haec
428 2361 525 2422 verba
552 2360 840 2438 „grammaticorum
863 2361 1006 2445 equitum¹
1025 2361 1241 2422 doctissimus“
1266 2361 1307 2421 ad

175 2462 325 2524 Catonem
355 2467 530 2523 accuratius
563 2463 800 2523 describendum
831 2464 869 2523 ab
893 2464 1014 2524 homine
1038 2464 1172 2540 quodam
1193 2473 1307 2525 nasuto

174 2566 321 2644 primitus
351 2570 384 2625 in
413 2568 551 2643 margine
580 2574 727 2625 annotata
758 2574 790 2625 et
819 2572 927 2643 postea
957 2568 1067 2644 copula
1104 2565 1168 2641 „ut¹
1181 2566 1308 2627 redeam

175 2668 268 2728 illuc“
305 2668 417 2728 adsuta
450 2668 482 2727 in
515 2670 615 2745 ipsam
648 2670 776 2728 satiram
812 2677 1011 2746 praepostere
1040 2670 1196 2729 inculcata
1228 2689 1306 2731 esse.

172 2770 266 2829 Illum
294 2776 398 2830 autem
430 2771 584 2831 hominem
614 2791 702 2831 suam
733 2772 905 2831 doctrinam
938 2792 976 2831 ex
998 2772 1145 2833 Suetonio
1167 2771 1306 2851 petiisse,

172 2871 227 2932 ubi
255 2872 400 2933 Valerius
431 2873 508 2933 Cato
538 2873 689 2935 Bibaculo
728 2882 852 2934 auctore
889 2895 1044 2950 „summus
1084 2879 1305 2953 grammaticus

173 2975 368 3052 optimusque
391 2978 502 3053 poeta“¹
526 2982 656 3036 vocatus
679 2983 735 3036 est.

259 3077 412 3153 Equidem
426 3078 514 3136 illum
528 3078 740 3156 litteratorem,
764 3081 816 3154 qui
838 3080 889 3139 hic
908 3082 1195 3155 „grammaticorum
1217 3081 1303 3156 equi·

173 3184 239 3237 tum
255 3178 471 3240 doctissimus“
490 3181 672 3259 appellatur,
695 3183 787 3242 exilio
803 3181 927 3243 afficere
942 3183 1044 3259 nolim,
1068 3183 1123 3244 sed
1138 3190 1213 3261 puto
1228 3182 1306 3243 haec

174 3281 271 3340 verba
287 3282 327 3340 ad
339 3282 496 3360 Catonem,
512 3283 625 3343 Lucilii
640 3282 840 3363 defensorem,
852 3284 1014 3345 referenda
1030 3305 1106 3346 esse.
1135 3285 1177 3345 Et
1192 3284 1220 3345 si
1235 3284 1305 3360 quis

175 3382 351 3444 accuratius
374 3385 552 3464 inspexerit,
573 3387 670 3446 verba
691 3388 732 3446 ad
747 3388 895 3449 Catonem
917 3389 1023 3466 relata,
1047 3408 1232 3464 quamquam
1252 3387 1304 3447 ad-

173 3483 297 3544 modum
329 3495 447 3547 romota
477 3507 544 3548 esse
578 3495 610 3548 et
636 3489 728 3550 nimis
758 3491 932 3551 claudicare
962 3490 1122 3567 videntur,
1156 3490 1308 3569 optimum,

174 3606 298 3647 sensum
320 3588 465 3650 exhibere
489 3591 644 3651 concedet.

260 3689 409 3751 Oatonem
452 3695 686 3769 grammaticum
729 3714 841 3772 magna
884 3695 1014 3755 scientia
1053 3703 1084 3753 et
1121 3695 1306 3756 auctoritate

172 3800 295 3871 praeter
327 3801 446 3853 ceteros
477 3794 618 3856 floruisse
647 3816 742 3875 supra
776 3802 853 3857 satis
891 3797 1027 3876 exposui.
1081 3796 1171 3868 Quod
1201 3805 1305 3857 autem

174 3894 313 3956 nonnulli
328 3905 487 3973 opponunt
504 3897 652 3958 Catonem
673 3901 736 3959 iam
757 3900 899 3960 iuvenem
922 3907 986 3960 tam
1009 3919 1175 3977 pauperem
1197 3898 1304 3978 fuisse,

175 4005 210 4057 ut
225 3999 363 4074 equitum
379 3997 479 4057 ordini
494 3999 630 4061 adscribi
652 4022 713 4062 non
728 4011 842 4080 posset,
865 4002 1071 4062 Lucienus
1087 4002 1306 4062 Muellerus

175 4107 282 4160 contra
311 4100 389 4161 haec
420 4112 601 4179 argumenta
632 4104 760 4165 adnotat
790 4111 844 4164 aut
867 4104 992 4165 Catonis
1023 4111 1142 4182 patrem
1171 4107 1306 4180 equitem

174 4200 272 4262 fuisse
303 4209 356 4262 aut
388 4201 505 4282 ipsum,
537 4208 590 4280 qui
621 4207 734 4266 multos
767 4206 887 4267 nobiles
920 4207 1089 4285 discipulos
1113 4205 1244 4266 docebat
1266 4213 1307 4283 et,

175 4305 356 4382 priusquam
377 4308 411 4364 in
432 4307 611 4383 pauperiem
632 4311 727 4385 venit,
749 4309 874 4370 Tusculi
891 4310 996 4370 villam
1019 4308 1162 4369 habebat.
1192 4307 1307 4380 Quam·
