2956 4822
600 287 813 354 -25-

138 462 267 521 adnotat
299 459 448 520 Catonem
478 479 665 539 magnopere
696 460 841 520 idoneum
875 458 972 518 fuisse
1005 460 1058 535 qui
1088 460 1120 517 in
1151 458 1210 518 hac
1240 477 1274 517 re

139 565 300 640 iudicaret,
323 570 431 642 postea
448 571 550 622 autem
565 563 730 622 Horatium
746 553 861 623 maiore
877 563 926 622 sui
950 560 1136 621 confidentia
1159 561 1275 620 elatum

138 667 219 726 hanc
234 668 421 726 mentionem
437 665 564 725 Catonis
580 685 802 743 supervacuam
817 671 952 744 putasse,
976 663 1076 723 fateor
1098 663 1172 721 mihi
1195 663 1275 722 hanc

138 770 377 847 explicationem
398 768 635 846 improbabilem
669 788 737 828 esse
760 768 869 828 videri.
916 766 1069 843 Equidem
1091 786 1154 825 non
1177 767 1273 843 copie,

138 871 291 947 quomodo
313 870 396 929 idem
418 870 576 948 Horatius,
600 872 652 946 qui
675 873 706 929 in
729 871 787 930 hac
810 873 906 930 satira
929 876 994 929 tam
1017 889 1143 929 severus
1158 867 1273 928 Lucilii

141 972 235 1032 iudex
266 980 314 1032 est
337 972 625 1049 obtrectatoresque
653 993 726 1033 suos
758 979 849 1033 acuto
872 992 976 1050 ungue
998 978 1083 1031 secat
1106 973 1220 1049 quique
1243 972 1275 1029 in

142 1077 223 1136 aliis·
246 1081 318 1136 aute
350 1076 431 1135 hanc
462 1078 589 1135 satiram
620 1078 745 1155 scriptis
774 1096 887 1155 pravos
908 1076 1066 1134 hominum
1088 1092 1188 1132 mores
1210 1082 1275 1133 tam
1362 1121 1366 1128 .

141 1179 238 1238 libere
260 1185 357 1255 notat,
380 1180 411 1237 in
434 1177 600 1238 iudicando
616 1181 664 1239 sui
684 1181 761 1240 iuris
779 1179 963 1253 arbitriique
986 1178 1064 1237 adeo
1087 1197 1149 1236 non
1170 1175 1274 1252 fuerit,

139 1289 175 1341 ut
199 1281 346 1342 Catonem
369 1300 443 1340 suae
465 1284 640 1342 sententiae
664 1280 891 1341 confirmandae
915 1280 1085 1340 adhiberet.

227 1386 246 1463 ξ
272 1387 319 1443 12.
364 1383 496 1443 Accedit
511 1385 571 1445 alia
587 1387 736 1462 quaestio,
758 1405 837 1461 quac
860 1385 899 1444 ad
919 1385 1112 1462 propositum
1134 1391 1274 1441 nostrum

139 1489 292 1564 aliquanti
308 1489 452 1546 momenti
476 1494 534 1546 est.
564 1488 679 1564 Agitur
694 1490 783 1564 euim,
807 1490 948 1562 quisnam
970 1487 1023 1546 ille
1047 1485 1125 1546 Cato
1149 1485 1273 1544 intelle·

139 1591 260 1668 gendus
292 1592 349 1667 sit,
384 1589 421 1649 de
457 1610 516 1666 quo
547 1590 665 1649 exordii
696 1598 805 1650 auctor
834 1591 979 1666 loquitur.
1023 1590 1094 1649 Non
1125 1587 1275 1648 Catonem

140 1694 328 1770 Uticensem,
351 1692 390 1751 ad
406 1713 497 1768 quem
517 1712 573 1752 nos
596 1712 754 1752 recurrere
777 1694 869 1752 iussit
890 1693 925 1752 P.
939 1691 1223 1768 Duviquetius
1237 1688 1275 1770 ¹),

139 1797 194 1857 sed
231 1796 266 1855 P.
299 1795 458 1856 Valerium
492 1794 656 1869 Catonem,
693 1797 780 1855 cuius
817 1797 914 1854 vitam
944 1800 1068 1855 enarrat
1098 1793 1275 1861 Suetonius,

134 1897 382 1976 'intellegendum
405 1917 480 1974 esse,
503 1906 626 1976 poetam
649 1899 740 1958 simul
764 1906 796 1958 et
817 1899 1059 1976 grammaticum,
1088 1916 1170 1957 nunc
1193 1898 1275 1956 inter

139 2020 245 2060 omnes
261 2007 392 2060 constat.
423 2000 484 2060 Sed
500 2001 646 2078 permulti
661 1999 756 2078 fuere,
780 2003 884 2077 quise
907 2000 1092 2076 intellegere
1115 2004 1274 2075 negarent,

139 2102 291 2180 quomodo
325 2104 475 2162 Horatius
510 2102 658 2163 Catonern
689 2109 833 2182 paratum
865 2103 904 2162 ad
928 2101 1042 2161 Lucilii
1064 2101 1143 2160 male
1175 2099 1275 2161 factos

140 2226 250 2266 versus
282 2204 489 2266 emendandos
520 2205 658 2265 indicare
688 2212 808 2284 posset,
840 2226 909 2265 cum
940 2204 1017 2265 Octo
1048 2205 1101 2262 illo
1129 2210 1276 2282 tempore,

141 2330 201 2385 quo
232 2309 383 2368 Horatius
412 2309 492 2368 hanc
523 2310 649 2369 satiram
673 2310 864 2387 scripsisset,
898 2311 951 2369 vix
981 2310 1013 2367 in
1043 2309 1126 2366 vivis
1155 2306 1275 2366 fuisset.

139 2412 187 2470 Ex
217 2411 265 2471 liis
295 2412 371 2472 viris
394 2410 494 2472 doctis
518 2414 661 2489 princeps
689 2418 737 2471 est
759 2411 964 2472 nominandus
997 2410 1275 2470 Kirchnerus.

139 2514 198 2586 Qui
233 2517 265 2573 in
295 2512 549 2573 adnotationibus
578 2513 619 2573 ad
648 2516 775 2574 satiram
804 2514 954 2573 decimam
976 2535 1004 2590 p.
1028 2513 1090 2573 326
1114 2512 1275 2573 contendit

140 2638 249 2678 versus
265 2618 336 2678 illos
360 2619 548 2693 antiquiores
572 2638 633 2677 non
655 2617 745 2676 modo
768 2618 826 2677 hac
842 2619 947 2694 satira,
968 2615 1133 2676 sedetiam
1149 2617 1274 2677 Horatii

140 2727 243 2779 aetate
266 2740 334 2782 esse
356 2741 391 2781 eo
415 2739 573 2798 apparere,
598 2720 680 2796 quod
703 2720 755 2779 ille
778 2719 922 2780 Valerius
946 2719 1033 2794 (lato,
1064 2721 1117 2796 qui
1139 2720 1273 2797 parabat

140 2822 253 2881 Lucilii
269 2843 378 2883 versus
393 2824 472 2882 male
489 2821 590 2882 factos
613 2823 784 2899 emendare,
807 2843 842 2881 eo
865 2832 1012 2901 tempore,
1036 2843 1096 2899 quo
1119 2822 1270 2883 Horatius

140 2925 219 2983 hanc
235 2928 362 2985 satiram
376 2928 539 3004 pepigerit,
562 2933 693 2985 autnon
715 2928 777 2984 iam
799 2927 830 2984 in
847 2927 927 2986 vivis
950 2925 1046 2986 fuerit
1069 2932 1123 2985 aut
1146 2933 1271 3004 septua-

141 3029 287 3100 genarius
324 3049 383 3087 non
422 3031 560 3106 potuerit
596 3029 711 3089 Lucilii
746 3049 839 3106 opera
870 3035 1049 3089 retractare.
1093 3030 1139 3089 Ut
1161 3029 1273 3107 probet

141 3126 289 3188 Catonem
305 3130 358 3189 illo
373 3138 511 3208 tempore
534 3135 623 3192 annis
646 3135 707 3192 iam
729 3151 856 3209 gravem
879 3133 929 3192 vel
952 3133 1029 3191 adeo
1053 3134 1119 3192 vita
1142 3130 1269 3190 defunc·

141 3236 208 3289 tum
231 3230 344 3309 fuisse,
374 3231 466 3292 affert
488 3233 589 3292 locum
612 3234 738 3295 Catonis
761 3237 875 3313 ipsius,
907 3237 959 3311 qui
987 3235 1069 3311 apud
1092 3234 1273 3294 Suetoninm

142 3337 245 3413 capite
279 3337 313 3393 11
348 3342 465 3414 exstat,
499 3337 552 3395 ubi
585 3339 768 3414 „ingenuum
800 3358 833 3398 se
866 3343 973 3396 natum
1004 3339 1048 3397 ait
1070 3343 1102 3396 et
1123 3336 1276 3415 pupillum

141 3439 283 3498 relictum
322 3459 419 3516 eoque
461 3438 586 3499 facilius
630 3440 756 3500 licentia
800 3440 917 3500 Sullani
961 3441 1110 3517 temporis
1147 3445 1274 3499 exutum

142 3544 358 3619 patrimoni0“.

144 3681 154 3694 ·
228 3645 380 3721 Equidem
403 3645 579 3706 Kirchnero
609 3665 669 3704 non
692 3645 782 3704 modo
805 3666 866 3704 non
889 3646 1055 3723 astipulor,
1086 3644 1143 3705 sed
1167 3652 1274 3703 contra

142 3748 293 3806 contendo
318 3747 466 3809 Catonem
497 3769 533 3808 ea
563 3754 666 3808 aetate
694 3750 830 3824 vixisse,
863 3757 898 3807 ut
920 3756 998 3825 tum,
1032 3769 1100 3808 cum
1123 3748 1273 3806 Horatius

143 3846 223 3906 hanc
239 3852 366 3909 satiram
382 3861 586 3930 componeret,
609 3871 720 3911 novam
738 3853 907 3911 carminum
922 3850 1152 3911 Lucilianorum
1168 3871 1273 3910 recen-

142 3951 260 4010 sionem
290 3962 396 4028 posset
417 3975 535 4032 parare.
579 3955 679 4031 quue
702 3975 739 4014 ex
763 3955 869 4014 eodem
892 3955 944 4014 illo
968 3954 1035 4014 loco
1059 3956 1187 4031 colligo,
1219 3953 1274 4012 ubi

143 4051 220 4112 Cato
251 4053 327 4112 dicit
357 4075 390 4114 se
413 4059 566 4134 pupillum
595 4059 738 4118 relictum
768 4078 804 4117 ac
834 4058 961 4117 licentia
984 4056 1103 4116 Sullani
1127 4058 1274 4134 temporis

229 4239 254 4303 1)
272 4237 342 4293 Hor.
361 4239 401 4295 ed.
420 4240 451 4293 P.
470 4240 725 4311 DuviquetiuS‚
743 4242 855 4296 Parisiis
875 4242 949 4297 1828.
