2956 4822
646 283 856 349 „32-

182 450 265 510 Iulio
301 451 394 511 Floro
431 452 560 530 eiusque
597 454 738 515 doctrina
776 454 905 532 scimus,
948 476 1009 531 quo
1045 456 1122 517 haec
1159 458 1319 518 sententia

181 552 337 616 fulciatur.
382 554 558 616 Scholiasta
587 556 626 616 ad
648 557 757 616 Horat.
786 559 877 634 epist.
898 558 917 617 I
938 560 968 635 3,
997 560 1039 618 20
1061 579 1129 636 sqq.
1151 563 1213 620 ait:
1247 561 1317 637 „hio

181 656 293 716 Florus
322 656 383 717 fuit
411 661 577 718 satirarum
606 661 749 736 scriptor,
781 660 869 720 cuius
898 669 972 721 sunt
1002 662 1120 722 electae
1142 682 1182 722 ex
1203 663 1317 744 Ennio,

182 758 313 837 Lucilio,
337 760 476 821 Varrone
507 767 658 821 saturae.“
705 762 864 834 Quomodo
894 783 967 823 vero
998 767 1161 840 quisquam
1190 786 1230 825 ex
1259 767 1319 828 hoc

180 863 250 923 loco
273 864 458 924 concludere
487 868 586 941 possit
607 865 722 924 Iulium
743 865 871 925 Florum
894 868 1052 927 veteribus
1081 867 1184 945 poetis
1206 878 1317 930 contm

180 966 370 1026 recentiores
400 987 488 1044 opem
519 968 628 1028 tulisse
657 979 689 1027 et
712 967 826 1027 Lucilii
856 972 968 1028 satiras
989 969 1124 1030 sermoni
1145 974 1315 1049 captuique

180 1068 353 1143 aequalium
377 1089 502 1129 suorum
525 1070 625 1147 magis
647 1071 814 1148 adaptasse
836 1070 979 1146 equidem
1001 1092 1064 1131 non
1078 1071 1181 1134 video.
1226 1076 1313 1148 Quod

180 1189 253 1229 vero
269 1171 429 1232 Beckerus
451 1171 544 1232 tidem
566 1172 658 1233 huius
673 1174 837 1250 opinionis,
860 1193 938 1248 quae
961 1193 1017 1250 per
1037 1193 1072 1234 se
1093 1175 1216 1235 nullam
1237 1178 1309 1237 reri·

179 1273 255 1334 tatis
278 1275 412 1352 speciem
436 1275 538 1352 habet,
571 1294 608 1334 ea
629 1278 749 1335 ratione
771 1276 878 1352 augeri
902 1284 1000 1353 putat,
1030 1277 1112 1352 quod
1135 1279 1302 1356 amicitiam,

179 1395 241 1452 qua
263 1376 412 1438 Horatius
435 1399 505 1438 cum
528 1379 620 1438 Floro
644 1380 826 1438 coniunctus
849 1389 924 1455 erat,
950 1383 1066 1439 sensim
1088 1380 1225 1442 dilutam
1242 1401 1300 1443 esse

179 1497 218 1536 ex
240 1481 375 1556 epistula
396 1481 523 1541 secundi
554 1482 628 1542 libri
658 1481 796 1541 secunda
819 1481 1028 1558 colligendum
1050 1502 1120 1542 esse
1142 1484 1305 1545 arbitratur

179 1590 212 1638 et
233 1580 359 1641 Florum
381 1584 500 1661 pariter
521 1574 614 1660 atque
636 1584 802 1644 Horatium
825 1583 858 1642 in
879 1583 981 1643 severi
1011 1585 1143 1646 alicuius
1168 1587 1313 1665 magistri

178 1683 374 1762 disciplinam
396 1706 430 1746 se
453 1687 621 1747 tradidisse
643 1687 829 1765 suspicatur,
854 1687 972 1746 leviora
994 1697 1178 1764 argumenta
1200 1690 1316 1767 quibus

178 1787 386 1864 opinationem
415 1809 502 1849 suam
533 1789 726 1849 commendet
748 1788 854 1848 nescio
875 1811 916 1848 an
945 1809 1033 1849 nemo
1064 1788 1178 1851 afferre
1202 1793 1318 1870 possit.

179 1890 313 1949 Tantum
344 1910 417 1951 vero
440 1892 536 1967 abest,
570 1902 605 1951 ut
628 1892 758 1952 Horatio
788 1892 930 1951 simultas
952 1891 1103 1967 quaedam
1126 1913 1197 1953 cum
1216 1892 1318 1954 Floro

176 1991 396 2070 intercesserit,
418 2002 453 2054 ut
476 1994 514 2053 de
537 2014 572 2053 eo
595 1994 818 2054 nihilomnino
842 1994 926 2053 aliud
949 1995 1107 2070 cognitum
1130 1996 1319 2076 habeamus,

176 2096 238 2156 nisi
261 2097 437 2174 quodcum
466 2102 549 2158 inter
571 2099 695 2158 Horatii
724 2098 893 2159 familiares
924 2097 1021 2159 fuisse
1051 2099 1175 2159 scimus.
1220 2097 1319 2170 Quod

176 2199 327 2260 Horatius
355 2201 397 2260 ad
427 2221 497 2260 eum
528 2202 605 2262 duas
635 2202 797 2281 epistulas,
828 2201 951 2261 tertiam
973 2201 1065 2281 primi
1087 2209 1119 2261 et
1138 2202 1319 2262 secundam

175 2302 305 2363 secundi
334 2304 415 2381 libri,
445 2303 579 2382 scripsit,
613 2309 645 2363 in
675 2304 788 2380 quibus
818 2303 857 2362 de
886 2303 1017 2381 poeticis
1046 2303 1131 2363 illius
1159 2303 1320 2381 temporis

173 2405 287 2465 studiis
309 2406 455 2482 loquitur,
485 2405 576 2466 facile
605 2408 787 2484 colligemus
809 2407 936 2466 Florum
958 2405 1057 2467 fuisse
1078 2406 1161 2466 inter
1181 2405 1320 2467 Horatii

172 2506 358 2586 familiares,
397 2529 474 2585 quos
507 2510 546 2569 ob
580 2510 698 2586 ingenii
731 2509 950 2584 doctrinaeque
983 2509 1170 2586 elegantiam
1203 2511 1321 2587 magni

171 2611 363 2671 aestimabat.
400 2611 553 2687 Equidem
568 2632 641 2673 vero
658 2612 822 2672 admodum
846 2612 963 2688 dubita,
987 2631 1060 2671 num
1076 2611 1228 2671 Horatius
1244 2619 1320 2672 tam

171 2716 305 2790 ingenue
327 2734 406 2791 quae
429 2715 468 2774 de
497 2735 573 2775 suae
596 2716 709 2775 aetatis
731 2714 937 2793 scriptoribus
960 2723 992 2774 et
1022 2714 1123 2791 poetis
1145 2714 1319 2776 sentiebat

171 2836 240 2876 cum
271 2818 378 2876 eodem
408 2817 500 2875 Floro
530 2818 815 2892 communicaverit,
846 2820 899 2893 qui
931 2837 968 2876 ex
991 2816 1123 2877 Beckeri
1144 2819 1315 2879 sententia

170 2920 325 2979 Lucilium
348 2921 523 2981 emendavit
552 2930 583 2979 et
612 2931 677 2980 tam
699 2919 867 2981 infeliciter
889 2922 1034 2995 antiquos
1063 2927 1172 2997 poetas
1194 2925 1316 2981 contra

170 3022 358 3083 recentiores
373 3020 521 3100 defendit,
533 3032 569 3082 ut
577 3024 727 3083 Horatius
742 3023 809 3100 ipse
821 3044 890 3082 eum
906 3022 1105 3084 acerbissime
1120 3022 1308 3099 corriperet.

257 3125 512 3186 Duentzerus
538 3134 645 3186 censet
659 3127 755 3187 verba
772 3128 1058 3203 „grammaticorum
1074 3127 1214 3200 equitum
1231 3125 1309 3187 doo-

170 3231 328 3288 tissimus“
343 3248 412 3290 esse
428 3250 496 3288 cum
512 3229 654 3290 irrisione
669 3230 803 3305 quadam
817 3228 903 3289 dicta
918 3228 956 3288 de
972 3247 1076 3305 puero,
1102 3236 1138 3287 ut
1152 3228 1218 3287 sint
1233 3228 1313 3307 „der

170 3331 253 3390 Herr
274 3332 379 3391 Ritter
401 3331 466 3390 und
488 3331 657 3391 Kritiker“.
696 3331 889 3406 Quamquam
911 3331 989 3390 haec
1013 3331 1180 3407 explicatio
1203 3334 1307 3408 primo

171 3441 298 3510 aspectu
321 3435 435 3495 habere
458 3435 590 3511 videtur,
614 3455 673 3510 quo
696 3454 730 3495 se
754 3433 954 3509 commendet,
984 3441 1088 3493 tamen
1110 3453 1172 3492 non
1195 3433 1251 3495 dia
1269 3433 1302 3491 in

170 3556 208 3596 ea
229 3537 430 3597 manebimus.
481 3537 560 3596 Nam
591 3545 810 3615 praeterquam
841 3537 924 3612 quod
952 3555 1008 3595 nos
1038 3538 1211 3612 „puerum“,
1243 3554 1307 3597 non

168 3641 295 3717 „puer“,
325 3638 490 3716 legendum
527 3661 595 3700 esse
626 3659 806 3718 persuasum
836 3639 1000 3714 habemus,
1030 3638 1139 3698 doctus
1169 3638 1224 3697 ille
1257 3639 1310 3699 vir

168 3741 386 3821 praetermisit,
403 3743 485 3816 quod
500 3763 560 3802 non
577 3743 799 3820 „doctissim0“,
822 3742 879 3802 sed
894 3742 1127 3818 „doctissimus“
1151 3742 1311 3818 scriptum

168 3854 225 3907 est.
269 3845 395 3919 Siquis
425 3851 528 3903 autem
558 3845 781 3923 superlativum
812 3865 880 3905 cum
907 3845 1089 3920 ¹pronomine
1119 3845 1207 3922 „qui“
1231 3863 1310 3904 con-

169 3948 359 4025 iungendum
381 3968 450 4008 esse
473 3947 602 4025 dixerit,
635 3949 693 4008 hac
723 3951 754 4007 in
784 3968 817 4007 re
839 3947 991 4007 neminem
1021 3967 1082 4006 uon
1113 3944 1310 4009 offensurum

171 4071 239 4112 esse
261 4051 373 4111 iudico.

255 4154 320 4214 Alii
349 4155 636 4232 „grammaticorum
668 4154 807 4229 equitum
836 4153 1050 4213 doctissimus“
1081 4150 1121 4210 sd
1150 4150 1185 4210 Ia
1211 4148 1309 4213 Orbi·

170 4257 254 4335 lium,
277 4277 368 4332 quem
390 4256 483 4335 paulo
506 4264 579 4317 ante
600 4259 725 4316 minime
747 4256 847 4316 leuem
862 4262 895 4315 et
909 4255 1055 4315 subtilem
1071 4260 1179 4313 auctor
1192 4251 1310 4317 horum
