2956 4822
630 254 844 319 ..10-

257 427 346 500 Quod
378 434 481 487 autern
512 427 720 490 Frankius
753 428 932 503 suspicatur
968 427 1070 504 ipsum
1108 421 1308 484 Maecenatis:

170 536 382 606 nomentum,
415 549 483 590 cum
507 536 741 606 componeretur
762 531 861 588 satira
870 575 883 612 ,Ι
908 531 941 587 in
964 528 1120 589 10101125
1143 530 1305 604 scriptum,

171 637 280 710 postea
293 640 404 708 autem,
417 650 486 691 oum
497 638 589 708 poeta
605 634 634 691 ei
648 634 711 691 iam
725 631 913 692 innotuisset
928 640 960 692 et
971 630 1121 692 beneficio
1134 631 1305 691 obstrictus
1367 702 1369 708 Ι

172 744 270 812 00001,
300 734 448 794 Malthini
475 737 599 794 nomine
629 733 741 795 callide
769 733 842 794 ficto
867 741 1087 795 commutatum
1110 753 1195 810 esse,
1226 733 1304 794 11000

171 841 328 899 sententia
342 837 419 897 mihi
441 858 459 896 a
481 837 704 915 probabilitate
727 857 819 914 quam
834 840 966 897 maxime
983 838 1148 897 abhorrere
1170 836 1308 898 videtur.

171 941 205 1002 Si
236 941 429 1001 Maecenatis
466 960 577 1000 nomen
614 939 668 1000 1110
699 950 837 1019 ternpore
878 961 934 1018 pro
968 941 1149 1000 mollissimo
1180 960 1303 1018 quoque

171 1044 294 1105 homine
323 1044 513 1122 ponebatur,
543 1043 620 1103 haec
649 1042 780 1103 mutatio
818 1043 896 1103 nihil
925 1042 1066 1121 valebat,
1102 1041 1204 1120 quod,
1237 1042 1306 1105 sive

171 1147 336 1207 Maecenas
358 1152 444 1207 recto
466 1145 533 1206 sive
556 1145 629 1206 ficto
652 1145 775 1206 nomine
797 1147 992 1224 carpebatur,
1023 1166 1111 1207 nemo
1134 1145 1304 1225 nesciebat,

172 1269 264 1326 quem
285 1255 379 1327 poeta
401 1255 565 1327 spectaret.

258 1353 307 1415 Ex
329 1352 388 1412 hoc
409 1351 507 1429 igitur
528 1372 621 1412 versu
644 1351 683 1412 de
705 1351 823 1434 satirae
845 1359 983 1430 tempore
1005 1352 1083 1411 nihil
1107 1351 1184 1412 certi
1199 1350 1309 1429 colligi

172 1475 264 1534 posse
287 1464 424 1534 apparet.
469 1454 591 1516 Omisso
621 1473 696 1515 vero
728 1454 786 1515 hoc
817 1453 982 1515 admodum
1004 1455 1122 1515 incerto
1154 1464 1186 1515 et
1209 1453 1304 1515 dubio

172 1557 287 1618 indicio
304 1578 488 1635 quamquam
509 1557 645 1619 secunda
667 1562 763 1618 001110
784 1557 854 1637 ipsa
870 1558 963 1618 certis
979 1559 1092 1618 aetatis
1108 1557 1190 1618 notis
1211 1565 1306 1636 caret,

173 1670 278 1723 tamen
300 1662 362 1720 0110
384 1660 562 1721 adiumenta
581 1660 620 1720 ad
644 1669 784 1739 tempora
806 1659 942 1720 eruenda
963 1669 1087 1738 praesto
1111 1669 1192 1720 sunt.
1236 1659 1305 1731 Quo

174 1764 256 1826 enim
271 1771 410 1842 tempore
432 1774 525 1842 poeta
556 1783 679 1824 carmen
702 1762 826 1840 aliquod
852 1783 996 1823 exarasse
1018 1762 1171 1839 videatur,
1189 1782 1305 1839 nequa-

174 1887 266 1943 quam
297 1886 335 1926 ex
365 1867 476 1928 aetatis
507 1867 630 1927 indiciis
653 1866 780 1926 disertis
810 1866 884 1940 00110
915 1865 1122 1944 colligendum
1153 1874 1215 1942 est,
1249 1866 1306 1925 sed

178 1971 272 2033 etiam
296 1991 336 2030 ex
358 1975 469 2030 natura
491 1969 657 2045 indoleque
679 1969 776 2030 totius
799 1970 953 2030 carminis.

260 2074 365 2150 Atque
387 2076 539 2132 neminem
554 2082 631 2151 puto
654 2073 762 2149 quiin
786 2072 917 2132 Horatio
941 2072 1072 2150 legendo
1092 2080 1234 2134 versatus
1258 2080 1309 2131 est

174 2175 367 2256 praeteribit,
390 2182 487 2235 totam
509 2175 636 2235 satiram
659 2175 827 2236 secundam
849 2175 1007 2253 ingenium
1028 2174 1163 2236 iuvenile
1186 2193 1305 2251 sapere.

173 2279 327 2339 Acerbam
342 2277 584 2355 mordacitatem,
607 2299 668 2354 qua
687 2278 720 2338 in
742 2277 801 2339 hac
824 2281 921 2339 satira
942 2292 1035 2356 poeta
1056 2279 1089 2336 in
1104 2296 1310 2353 unumquem-

176 2401 235 2459 que
264 2381 436 2456 invehitur,
466 2381 500 2438 in
532 2380 641 2456 quavis
670 2381 732 2440 alia
762 2381 859 2441 satira
892 2379 1010 2441 frustra
1032 2380 1237 2466 quaesiveris,
1271 2389 1309 2440 ut

174 2483 308 2543 fortasse
337 2484 376 2542 ob
399 2482 478 2542 hanc
498 2503 625 2546 causam
655 2483 722 2544 veri
744 2503 805 2541 non
828 2483 978 2544 dissimile
1000 2484 1042 2543 sit
1064 2484 1144 2542 hano
1175 2482 1310 2542 satiram

176 2586 305 2664 primam
335 2606 373 2645 ex
404 2587 545 2646 omnibus
576 2586 724 2664 scriptam
755 2606 831 2646 0000.
883 2586 970 2646 Ηο00
1000 2589 1081 2645 enim
1111 2584 1312 2645 vehementia.

176 2689 398 2752 sententiarum
415 2695 446 2748 01
460 2689 567 2767 gravis
582 2693 614 2748 in
631 2689 814 2749 accusandis
830 2689 1076 2765 vellicandisque
1091 2689 1177 2748 vitiis
1193 2688 1305 2749 amari-

176 2792 251 2851 tudo
275 2812 312 2851 011
333 2791 535 2870 pristinorum
558 2799 730 2870 temporum
751 2792 876 2851 miseria
899 2800 1058 2852 contracta
1081 2812 1151 2850 mox
1173 2812 1191 2851 0
1213 2799 1310 2868 poeta·

179 2894 302 2955 abiecta
324 2905 372 2954 est
395 2903 427 2954 et
443 2894 567 2954 lenitati
589 2893 839 2973 reprehensionis
861 2902 892 2955 et
915 2895 993 2955 comi
1016 2894 1184 2955 urbanitati
1204 2898 1307 2954 cessit.

176 2997 247 3058 Hac
262 3018 335 3058 vero
351 2998 488 3058 secunda
503 2997 600 3057 satira
620 2997 770 3058 Horatius
793 3003 858 3057 tam
874 2997 1062 3058 mordaciter
1084 3005 1115 3056 et
1130 2998 1307 3075 petulanter

177 3101 363 3179 pravissima
384 3099 511 3178 flagitia,
534 3100 689 3160 adulteria
710 3100 917 3176 libidinesque
940 3100 1090 3176 venerias,
1113 3100 1306 3179 perstringit,

177 3212 212 3262 111
242 3203 410 3280 Lucilium,
443 3223 505 3264 non
535 3203 709 3281 elegantem
739 3211 770 3264 et
799 3204 951 3264 urbanum
981 3212 1103 3283 poetam
1133 3202 1306 3281 Horatium,

178 3305 351 3380 aequalium
366 3305 444 3368 vitia
459 3306 617 3383 exagitare
639 3315 790 3384 putemus.
829 3307 961 3367 Tantum
977 3308 1074 3384 abest,
1098 3314 1133 3366 ut
1156 3306 1306 3366 Horatius

177 3407 229 3471 1110
244 3427 327 3467 more
342 3428 398 3468 0110
413 3402 516 3487 lepide
532 3408 702 3485 cavilletur,
725 3416 760 3469 ut
781 3430 821 3469 ne
843 3409 1029 3487 primoribus
1052 3409 1175 3486 quidem
1198 3415 1307 3487 parcat

179 3520 210 3571 et
242 3514 275 3570 in
306 3511 405 3588 ipsius
435 3510 576 3571 Caesaris
600 3510 763 3573 Octaviani
794 3512 908 3572 amicos
932 3518 963 3572 01
986 3512 1136 3588 00000100,
1166 3510 1307 3572 velutin

178 3613 369 3689 Sallustium,
392 3613 566 3691 Tigellium,
589 3613 793 3692 Cupiennium
816 3614 975 3691 Libonem,
999 3615 1110 3674 acerbe
1131 3614 1309 3674 invehatun

177 3716 290 3792 Itaque
319 3735 381 3774 non
410 3716 541 3776 multum
572 3737 591 3776 a
620 3716 752 3776 veritate
782 3716 1010 3804 aberrabimus,
1043 3721 1070 3776 si
1103 3715 1309 3776 Horatiume

177 3819 260 3880 bello
291 3818 488 3895 Philippensi
518 3819 647 3878 Romam
678 3820 767 3879 modo
799 3839 958 3880 reversum
990 3828 1020 3880 et
1044 3819 1175 3879 iuvenili
1198 3819 1311 3879 ardore

178 3921 345 4000 impulsum
375 3921 456 3979 hano
487 3921 614 3987 satiram
644 3922 806 3999 scripsisse
836 3930 1016 3983 statuemus
1068 3922 1135 3993 Quo
1169 3930 1313 4000 tempore

179 4023 329 4083 Horatius
360 4024 479 4084 alienus
510 4022 571 4084 fuit
600 4023 834 4085 aansarianis
865 4045 965 4101 neque
988 4025 1156 4102 quidquam
1178 4024 1310 4103 curavit,

179 4134 215 4186 ut
237 4128 346 4186 horum
368 4127 400 4186 in
422 4146 457 4186 re
479 4128 604 4204 publica
626 4130 801 4207 principum
823 4130 958 4190 virorum
981 4126 1118 4189 favorem
1138 4110 1313 4204 colligeret¹

265 4230 324 4290 His
347 4233 375 4290 si
398 4229 591 4299 adiunxeris,
624 4231 706 4307 quod
735 4238 828 4310 poeta
857 4234 946 4310 epist.
969 4231 1004 4290 II
1027 4233 1054 4308 2,
1081 4232 1123 4290 49
1145 4250 1215 4295 0000
1237 4235 1315 4307 post·
