2956 4822
633 243 844 307 -22-

168 423 231 491 cat‚
262 434 321 491 quo
344 413 393 473 vir
415 419 463 473 est
485 413 594 472 melior
616 422 647 474 et
670 414 814 475 subtilior
837 434 927 490 quam
950 413 1012 490 ille,
1044 416 1097 489 qui
1129 412 1306 490 discipulos

168 517 246 577 loris
269 525 301 576 et
323 516 450 576 funibus
474 516 662 577 exhortatur.
707 516 769 576 Sed
792 523 827 577 ut
848 516 973 576 redeam
995 517 1087 575 illuc:

312 619 447 696 „Nempe
470 621 674 696 incomposito
698 619 763 678 dixi
785 618 865 696 pede
888 639 1012 679 currere
1034 638 1143 679 versus

312 720 423 781 Lucili.
468 720 545 792 Quis
568 729 631 780 tam
656 721 758 782 Lucili
780 720 885 782 fautor
906 726 1012 799 inepte
1035 729 1091 799 est,

312 825 356 884 Ut
378 844 438 883 non
461 824 520 884 hoc
541 822 679 884 fateatur
688 825 720 883 ?“

256 928 325 987 Hoc
358 927 457 1004 igitur
487 931 677 1004 prooemium
710 935 741 988 et
772 930 934 1004 sequentia
957 929 1052 987 verba
1083 927 1123 987 ad
1145 925 1306 986 Lucilium

170 1039 313 1110 spectare
329 1029 459 1106 ideoque
475 1029 508 1088 in
523 1030 677 1090 consimili
692 1038 874 1108 argumento
889 1035 1008 1091 versari
1024 1036 1160 1108 apparet.
1195 1026 1304 1104 Atque

169 1134 334 1195 Horatium
366 1132 404 1192 de
426 1132 548 1192 Lucilio
579 1140 610 1192 et
633 1132 703 1193 aliis
726 1133 894 1211 superioris
918 1136 1031 1193 aetatis
1061 1133 1162 1210 poetis
1186 1132 1302 1191 acerbe

169 1238 325 1297 iudicasse
355 1243 386 1295 et
416 1235 474 1295 hoc
496 1235 646 1296 iudicium
676 1237 715 1296 ab
738 1240 804 1296 eius
828 1236 1009 1312 aequalibus
1031 1243 1139 1314 utpote
1161 1242 1303 1294 veterum

171 1359 272 1400 amore
290 1341 389 1417 captis
405 1359 466 1397 non
488 1341 566 1398 satis
581 1339 745 1416 probatum
762 1346 793 1399 et
816 1340 895 1398 male
919 1348 1080 1417 acceptum
1103 1358 1171 1398 esse
1193 1343 1304 1396 notum

171 1450 227 1503 est.
272 1440 334 1501 Sed
357 1461 542 1518 quamquam
564 1441 727 1519 permultis
750 1443 827 1502 locis
842 1442 993 1502 Horatius
1017 1442 1055 1502 de
1077 1440 1198 1501 Lucilio
1221 1439 1306 1498 iudi·

95 1553 98 1560 ’
171 1548 220 1605 oia
243 1545 323 1620 tulit,
346 1551 448 1604 tamen
471 1548 553 1603 inter
574 1547 658 1604 viros
681 1545 788 1604 doctos
811 1565 872 1604 non
896 1544 1049 1621 convenit,
1072 1545 1146 1621 quid
1171 1546 1239 1621 ipse
1262 1542 1306 1603 de

169 1648 224 1709 illo
247 1649 387 1708 senserit.
432 1646 566 1707 Tantum
588 1654 696 1707 contra
717 1642 800 1707 inter
822 1667 855 1707 se
877 1652 1097 1724 pugnaverunt
1118 1648 1178 1705 viri
1208 1645 1305 1722 docti,

171 1757 206 1811 ut
229 1750 283 1810 alii
304 1751 469 1809 Horatium
492 1752 574 1809 iuste
598 1756 629 1809 et
651 1753 717 1810 sine
742 1751 812 1809 odio
834 1750 999 1826 iudicasse,
1023 1750 1076 1808 alii
1099 1769 1168 1808 eum
1186 1747 1306 1807 Lucilii

170 1853 248 1914 vitia
269 1851 391 1912 infenso
416 1854 517 1911 animo
541 1860 737 1929 persecutum
760 1873 828 1913 esse
852 1860 1022 1913 censerent.
1254 1837 1258 1845 ⁶

255 1955 303 2015 Ac
326 1955 438 2031 quibus
461 1957 563 2015 causis
587 1960 618 2014 et
640 1954 812 2014 rationibus
827 1955 959 2032 Horatii,
982 1957 1082 2014 severi
1105 1957 1305 2030 antiquorum

170 2064 331 2138 poetarum
365 2059 604 2134 existimatoris,
636 2056 785 2117 iudicium
816 2059 944 2131 nitatur,
974 2056 1066 2117 facile
1099 2057 1304 2134 intellegitur.

170 2160 301 2222 Metitur
333 2159 413 2219 enim
447 2159 598 2220 Horatius
629 2168 769 2220 veterum
800 2167 961 2237 poetarum
991 2159 1126 2219 carmina
1156 2180 1193 2220 ea
1226 2165 1307 2236 arte,

172 2283 251 2340 quae
283 2270 358 2322 tune
392 2264 539 2342 temporis
572 2262 707 2340 vigebat.
751 2263 832 2323 Nam
863 2262 975 2323 studiis
999 2263 1187 2322 Graecarum
1216 2261 1303 2321 litte·

171 2386 275 2425 rarum
297 2369 456 2443 ingenium
478 2386 568 2425 suum
592 2365 770 2426 excoluerat
795 2372 826 2425 et
849 2365 1017 2426 artificiosa
1039 2357 1208 2426 carminum
1225 2385 1307 2424 com·

170 2470 324 2547 positione
339 2469 536 2546 numerisque
560 2469 728 2527 elaboratis
745 2468 934 2528 Graecorum
956 2475 1116 2547 poetarum
1132 2467 1310 2546 perspectis

174 2591 210 2630 ea
233 2578 355 2631 tantum
376 2571 544 2646 laudabat,
575 2590 655 2647 quae
685 2591 754 2630 cum
785 2571 835 2630 his
858 2578 1070 2648 congruerent.
1115 2570 1166 2630 Ita
1189 2569 1310 2631 factum

173 2680 229 2750 est,
259 2679 295 2732 ut
329 2673 437 2732 rudem
471 2682 502 2733 et
532 2693 640 2750 parum
673 2673 802 2752 politam
828 2672 958 2732 formam
980 2679 1119 2734 veterum
1144 2685 1308 2752 poetarum

172 2775 370 2853 improbaret.
414 2775 525 2852 Itaque
548 2775 632 2854 apud
654 2777 809 2836 Lucilium
842 2797 963 2853 quoque
986 2777 1083 2836 multa
1106 2776 1309 2855 desideravit,

174 2899 253 2956 quae
276 2879 315 2937 ad
331 2877 489 2957 perfectae
513 2883 589 2938 artis
604 2879 729 2938 laudem
751 2879 924 2940 necessario
947 2882 1187 2955 requirerentur.
1224 2879 1307 2939 Num

174 2990 278 3041 autem
306 2980 456 3041 Horatius
490 2983 523 3039 in
555 2980 670 3041 iudicio
701 3002 756 3041 suo
780 3002 815 3042 eo
839 3002 1022 3059 progressus
1045 2983 1102 3060 sit,
1133 2991 1169 3042 ut
1191 2966 1320 3042 Lucilii
1387 3025 1389 3029 ,

172 3087 306 3144 virtutes
338 3085 526 3144 detrectaret
561 3084 650 3159 eique
691 3084 823 3144 nocendi
862 3105 956 3145 causa
989 3086 1133 3145 iniuriam
1164 3085 1308 3178 inferret²

174 3187 304 3264 patebit,
328 3190 354 3246 si
378 3186 460 3263 quod
483 3186 634 3246 Horatius
657 3207 726 3246 curn
753 3187 785 3246 in
809 3189 950 3247 omnibus
973 3191 1079 3248 satiris
1102 3195 1167 3248 tum
1190 3189 1221 3247 in
1245 3189 1308 3248 hac

175 3292 272 3349 satira
294 3288 443 3350 iudicium
467 3289 505 3348 de
528 3289 648 3349 Lucilio
672 3290 753 3366 tulit,
777 3298 922 3351 accurate
945 3291 1231 3355 examinaverimus.

260 3390 363 3468 Atque
385 3399 420 3451 ut
441 3392 574 3470 primum
596 3393 636 3451 ad
651 3393 736 3452 illam
753 3393 972 3471 quaestionem,
996 3394 1070 3471 quid
1093 3395 1243 3454 Horatius
1267 3396 1309 3455 de

174 3494 294 3554 Lucilio
310 3498 343 3554 in
365 3497 542 3555 universum
565 3499 705 3572 senserit,
728 3496 918 3575 accedamus,
940 3497 1001 3557 tria
1016 3497 1208 3575 potissimum
1232 3505 1306 3558 sunt

174 3596 261 3675 vitia,
284 3617 362 3673 quae
385 3598 535 3658 Horatius
558 3600 589 3656 in
613 3618 649 3658 eo
665 3600 801 3660 notanda
824 3599 917 3677 ducit,
939 3600 1071 3679 primurn
1095 3601 1178 3677 quod
1196 3621 1308 3663 versus

173 3700 257 3760 illius
295 3700 365 3759 duri
395 3700 458 3760 sint
491 3708 522 3761 et
556 3701 759 3780 incomposito
792 3702 871 3780 pede
905 3712 1030 3762 currant
1064 3702 1134 3784 (sat.
1164 3704 1181 3762 Ι
1209 3706 1245 3780 4,
1277 3705 1306 3783 8,

174 3802 192 3862 Ι
216 3806 263 3881 10,
289 3801 328 3883 1),
358 3802 470 3863 deinde
493 3804 573 3880 quod
598 3803 770 3864 lutulentus
792 3805 869 3865 fluat
900 3816 931 3865 et
953 3807 1043 3884 plura
1065 3804 1146 3866 ferat
1168 3807 1310 3867 tollenda

175 3906 386 3982 relinquendis
410 3908 479 3985 (sat.
502 3906 569 3985 14,
596 3909 642 3984 11,
665 3907 682 3966 I
707 3910 754 3985 10,
778 3906 841 3988 50),
863 3917 929 3968 tum
952 3907 1034 3985 quod
1057 3909 1179 3970 Latinis
1202 3911 1308 3970 verbis

176 4009 296 4068 Graeca
325 4008 483 4069 miscuerit
506 4008 577 4090 (sat.
600 4009 617 4067 I
642 4012 688 4087 10,
713 4009 775 4091 20).
819 4011 861 4071 Et
890 4011 966 4070 haec
997 4011 1121 4087 quidem
1145 4014 1217 4088 quin
1250 4031 1308 4071 suo

175 4110 241 4170 iure
257 4111 377 4171 Lucilio
394 4111 544 4171 Horatius
568 4113 809 4190 exprobraverit,
832 4134 893 4172 non
916 4121 965 4173 est
981 4113 1117 4174 dubium.
1156 4113 1216 4174 Sed
1240 4122 1309 4173 tan-

176 4222 242 4272 turn
266 4214 370 4292 abest,
400 4224 435 4274 ut
457 4215 606 4274 Horatius
638 4215 759 4274 Lucilio
783 4216 944 4294 obtrectet,
976 4225 1011 4275 ut
1033 4217 1100 4294 ipse
1129 4216 1157 4276 ei
1184 4216 1309 4277 laudem
