2956 4822
657 280 869 345 ..42-

199 469 307 510 versus
323 450 402 527 illos,
426 449 537 527 quibus
553 449 681 512 Catonis
696 451 883 512 mentionem
897 449 1023 527 fecerat,
1045 455 1156 528 postea
1172 448 1331 526 reciderit,

199 560 322 629 poetam
344 553 481 612 secunda
510 551 594 613 facta
623 553 801 614 recensione
831 573 939 614 versus
962 553 1089 611 81-90
1111 551 1271 629 adiecisse,
1293 558 1333 610 ut

203 653 381 715 ostenderet
395 663 538 733 poemata
560 676 616 716 sua
640 677 658 716 a
676 657 752 717 viris
774 663 807 716 et
829 656 922 716 animi
945 655 1077 716 candore
1100 652 1274 732 conspicuis
1298 661 1334 714 et

199 756 311 816 artium
334 756 569 834 litterarumque
592 758 722 819 scientia
754 757 1034 842 praestantissimis
1056 758 1190 835 probari.
1227 757 1330 816 Hora-

200 858 277 919 tium
301 859 382 919 enim
405 860 494 920 annis
509 861 550 919 38
573 862 727 937 usquead
745 863 794 938 36,
818 860 931 937 quibus
953 880 1053 920 rerum
1072 859 1208 921 civilium
1231 857 1332 918 facies

200 969 266 1021 erat
288 961 474 1039 tristissima,
499 962 576 1022 alios
599 963 713 1024 amicos
737 973 829 1040 atque
852 983 913 1039 eos,
937 965 990 1040 qui
1005 961 1235 1023 necessitudine
1258 981 1331 1021 cum

199 1065 379 1124 Maecenate
403 1064 558 1124 coniuncti
575 1075 672 1143 erant,
695 1066 755 1126 sibi
771 1066 923 1127 asciscere
945 1086 1008 1126 non
1022 1069 1162 1143 potuisse
1184 1071 1216 1124 et
1238 1063 1333 1124 anuis

199 1167 322 1226 demum
344 1167 479 1243 35-32,
508 1163 621 1244 quibus
651 1189 735 1228 arma
757 1177 850 1246 togae
873 1175 1041 1245 cesserunt,
1070 1169 1160 1228 novis
1184 1165 1333 1226 amicitiis

199 1269 374 1330 indulsisse.

285 1373 399 1433 Fateor
427 1372 504 1432 mihi
534 1373 614 1433 hanc
645 1374 944 1451 argumentationem
974 1373 1066 1433 nimis
1088 1373 1238 1433 incertam
1261 1390 1334 1432 esse

198 1476 307 1537 videri.
358 1475 445 1535 Nihil
474 1483 536 1553 est,
574 1477 657 1553 quod
685 1496 741 1536 nos
773 1483 883 1555 putare
912 1484 998 1537 vetet
1027 1475 1192 1535 Horatium
1222 1474 1333 1534 eodem

202 1587 348 1656 tempore,
372 1599 431 1655 quo
447 1585 567 1639 ceteras
583 1579 697 1640 satirae
712 1587 818 1657 partes
834 1579 967 1657 scripsit,
989 1578 1021 1637 in
1044 1578 1153 1638 horum
1174 1576 1334 1636 fautorum

200 1692 232 1742 et
248 1683 415 1742 amicorum
431 1681 689 1741 existimationem
705 1689 736 1741 et
751 1680 994 1742 familiaritatem
1009 1685 1140 1741 venisse.
1177 1677 1333 1756 Equidem

202 1789 324 1845 omnino
355 1804 416 1843 non
438 1783 594 1861 intellego,
625 1804 719 1860 quare
749 1783 795 1842 illi
825 1804 934 1844 versus
966 1803 1028 1842 non
1051 1783 1156 1843 eodem
1180 1782 1246 1841 iure
1270 1799 1334 1857 quo

202 1886 299 1947 ceteri
330 1887 422 1946 huius
456 1886 571 1946 satirae
603 1906 712 1946 versus
744 1890 776 1945 in
809 1887 926 1964 primae
958 1887 1147 1947 recensionis
1185 1891 1334 1944 contextu

200 1990 302 2049 locum
331 1988 505 2048 habuerint.
548 1992 599 2048 An
629 2008 690 2047 non
719 1989 916 2067 perspicuum
947 1995 994 2049 est
1023 1987 1195 2066 Horatium,
1225 1993 1261 2046 ut
1292 1987 1335 2048 ab

200 2092 446 2152 adversariorum
461 2090 696 2169 importunitate
711 2112 744 2152 se
760 2090 948 2168 defenderet,
972 2091 1188 2151 auctoritatem
1209 2091 1336 2149 illorum

199 2194 349 2254 nobilium
363 2194 500 2254 virorum
515 2193 704 2272 adhibuisse,
720 2214 849 2270 quorum
863 2195 996 2272 gratiam
1011 2193 1072 2254 sibi
1090 2192 1338 2254 conciliaverat?

199 2297 309 2357 Nonne
342 2296 432 2358 licuit
465 2303 500 2356 ut
542 2296 685 2357 inimicos
721 2305 752 2358 et
791 2299 1032 2374 obtrectatores,
1070 2296 1115 2356 ita
1152 2295 1267 2357 amicos
1302 2302 1336 2356 et

197 2408 344 2478 patronos
363 2400 555 2477 producere?

283 2502 448 2562 Horatium
471 2502 594 2578 quidem
617 2507 649 2563 in
671 2504 839 2563 multorum
868 2502 1059 2563 inimicitiam
1083 2508 1115 2562 et
1141 2501 1329 2562 malevolen-

200 2605 275 2664 tiam
298 2604 464 2665 incurrisse
487 2607 568 2665 inter
584 2626 688 2666 omnes
708 2612 838 2667 constat,
881 2606 1046 2666 Acerbitas
1062 2605 1143 2664 enirn
1159 2603 1331 2664 carminum

199 2716 230 2768 et
260 2713 351 2767 aucta
380 2709 412 2768 in
444 2709 511 2771 dies
540 2711 729 2771 Maecenatis
761 2713 951 2788 aliorumque
984 2708 1121 2771 civitatis
1152 2708 1330 2792 principum

198 2813 333 2870 virorum
349 2810 451 2887 gratia
472 2832 534 2871 non
556 2821 707 2892 poterant,
730 2814 804 2890 quin
826 2814 992 2873 multorum
1009 2817 1037 2873 ei
1052 2815 1156 2874 odium
1179 2809 1331 2871 afferrent

200 2918 231 2972 et
245 2911 395 2972 invidiam
411 2923 646 2975 commoverent.
690 2916 755 2975 Alii
771 2917 859 2994 enim,
883 2917 936 2993 qui
952 2918 990 2976 ab
1006 2917 1137 2975 Horatio
1153 2935 1188 2975 se
1202 2921 1331 2974 notatos

197 3015 355 3094 videbant,
378 3036 447 3076 eum
469 3025 504 3076 ut
526 3037 644 3077 morum
666 3018 847 3095 magistrum
870 3018 999 3079 oderant
1022 3026 1054 3078 et
1070 3017 1329 3079 contumeliosum

199 3124 321 3196 poetam
343 3117 540 3196 iudicabant;
563 3119 617 3178 alii
639 3124 667 3179 ei
689 3119 872 3181 felicitatem
893 3121 985 3199 illam,
1009 3142 1069 3197 qua
1091 3121 1123 3180 in
1145 3138 1329 3196 magnorum

198 3220 318 3280 riorum
347 3220 484 3282 favorem
513 3241 547 3282 se
576 3222 794 3301 insinuaverat,
825 3227 1008 3302 praesertim
1030 3244 1099 3282 oum
1121 3221 1182 3300 ipsi
1205 3240 1330 3298 quoque

199 3343 323 3400 operam
353 3324 413 3383 arti
442 3325 581 3402 poeticae
610 3333 762 3387 navarent
794 3327 827 3386 in
857 3347 953 3404 eaque
986 3325 1046 3387 sibi
1076 3324 1193 3402 aliquid
1222 3323 1330 3384 valere

199 3425 386 3504 viderentur,
409 3426 591 3487 invidebant
614 3433 645 3488 et
660 3429 809 3488 maiorum
823 3429 1050 3506 ignobilitatem
1073 3435 1104 3488 et
1127 3428 1328 3487 ambitionem

200 3529 442 3606 exprobrabant3
459 3529 521 3606 alii,
537 3529 590 3606 qui
605 3538 710 3608 partes
723 3531 920 3607 antiquorum
934 3540 1094 3608 poetarum
1106 3529 1328 3605 sequebantur,

198 3632 327 3691 moleste
350 3629 493 3691 ferebant
508 3652 649 3692 severum
665 3633 731 3694 eius
746 3634 785 3694 de
799 3634 900 3712 poetis
915 3633 1139 3695 vetustioribus
1161 3632 1327 3709 imprimis·

200 3752 259 3810 que
282 3732 320 3793 de
343 3733 463 3794 Lucilio
485 3734 634 3795 iudicium
657 3735 963 3813 adversabanturque
985 3734 1166 3796 recentioris
1189 3732 1327 3811 discipli·
1372 3730 1375 3737 ’

198 3855 257 3894 nae
289 3834 411 3913 studiis,
442 3838 555 3913 quibus
585 3839 735 3900 Horatius
764 3860 826 3900 una
855 3860 925 3900 cum
946 3839 1049 3916 Vario,
1078 3837 1227 3914 Vergilio,
1257 3834 1329 3896 aliis

164 3995 170 4011 ,
200 3937 324 3998 deditus
348 3948 424 3999 erat.

284 4039 428 4101 Omnium
450 4042 556 4101 horum
587 4042 779 4102 inimicorum
808 4043 915 4104 iudicii
945 4043 1142 4120 iniquitatem
1163 4043 1328 4102 Horatium

198 4144 295 4204 multa
325 4164 394 4204 cum
416 4144 611 4204 vehementia
633 4145 816 4223 reprobasse
847 4156 954 4206 notum
977 4155 1032 4207 est,
1075 4145 1231 4224 Imprimis
1253 4163 1329 4205 vero

198 4265 303 4306 eorum
326 4247 571 4308 adversariorum
590 4247 824 4326 obtrectatione,
847 4251 900 4326 qui
922 4250 999 4309 nihil
1021 4249 1082 4310 nisi
1104 4257 1226 4310 vetares
1243 4247 1328 4306 Latii
