2956 4822
637 249 849 314 -12-

171 427 228 498 cet,
251 439 321 480 cum
343 417 455 480 deinde
478 419 643 480 Horatium
664 427 736 498 post
758 439 894 498 pugnam
916 419 1148 498 Philippensem
1174 419 1309 480 Romam

171 542 329 584 reversum
363 523 501 602 coepisse
532 526 637 584 satiris
667 523 841 584 scribendis
871 523 1025 604 poeticam
1048 520 1171 584 laudem
1193 540 1307 600 parare

173 633 301 705 constet,
333 646 394 705 non
424 625 554 687 multum
578 647 596 686 a
617 625 749 687 veritate
776 634 852 705 puto
874 646 931 688 nos
953 627 1152 688 aberraturos
1176 645 1254 705 esse,
1278 629 1308 688 si

173 731 302 788 satiram
324 727 408 789 intra
430 748 527 789 annos
550 729 720 788 714-716
743 735 843 789 ortam
865 748 933 790 esse
954 736 1140 790 statuamus.

258 849 327 923 Qua
350 847 487 911 secunda
509 849 606 911 satira
627 848 778 910 Horatius
801 869 870 910 cum
892 849 1060 909 multorum
1081 853 1307 928 perversitates

172 952 375 1032 castigasset,
407 973 470 1013 non
498 952 591 1032 pauci
622 955 810 1013 exstiterunt
840 939 1028 1030 adversarii,
1063 952 1116 1030 qui
1138 953 1252 1031 probro
1276 955 1307 1013 ei

172 1054 299 1134 dabant,
323 1053 405 1132 quod
426 1075 465 1115 ne
487 1075 505 1115 a
527 1061 718 1116 mortuorum
741 1053 866 1132 quidem
888 1054 973 1116 vitiis
997 1053 1189 1134 castigandis
1210 1062 1307 1132 atque

172 1157 341 1218 amicorum
370 1157 525 1218 erroribus
559 1156 722 1243 carpendis
753 1157 964 1218 abstinuisset.
1015 1157 1117 1231 Quare
1148 1158 1182 1218 in
1209 1156 1307 1217 tertia

173 1259 278 1338 satira,
294 1280 363 1321 cum
379 1261 419 1321 ab
435 1258 543 1320 eodem
559 1260 690 1337 Tigellio
706 1259 828 1319 initium
845 1263 928 1339 capit
951 1260 1079 1337 eiusque
1094 1260 1188 1321 miros
1203 1278 1306 1321 moras

172 1369 414 1441 perpetuamque
430 1363 557 1424 vivendi
571 1363 810 1424 inconstantiam
825 1362 928 1441 lepide
944 1362 1102 1440 describit,
1118 1382 1151 1424 se
1169 1382 1229 1422 non
1245 1361 1303 1422 im·

174 1465 284 1526 merito
299 1486 399 1545 nuper
414 1485 484 1526 eum
500 1465 652 1544 carpsisse
668 1465 807 1527 ostendit
822 1473 923 1543 atque,
946 1474 981 1526 ut
997 1465 1037 1526 ab
1054 1464 1305 1526 adversariorum

172 1567 320 1630 conviciis
353 1588 387 1629 se
417 1568 579 1647 defendat,
613 1588 761 1629 summam
792 1568 952 1629 lenitatem
974 1567 1205 1629 in‘iudicandis
1227 1567 1305 1628 ami·

172 1690 277 1731 corum
300 1670 387 1733 vitiis
410 1671 620 1731 adhibendam
642 1690 711 1732 esse
734 1671 880 1731 declarat.
924 1671 975 1731 Ita
998 1677 1128 1749 apparet
1148 1672 1305 1732 artissime

171 1774 336 1834 cohaerere
358 1774 527 1836 secundam
549 1781 581 1833 et
602 1774 728 1834 tertiam
758 1774 894 1835 satiram.
939 1773 1016 1833 Cum
1039 1781 1143 1834 autem
1166 1793 1202 1834 eo
1225 1781 1304 1834 tem-

170 1896 253 1955 pore,
284 1897 344 1955 quo
375 1877 468 1938 tertia
496 1876 594 1938 satira
616 1876 734 1956 scripta
765 1885 822 1954 est,
853 1875 978 1953 Tigellii
1000 1876 1146 1936 memoria
1167 1876 1306 1937 nondum

171 1979 391 2059 obsolevisset,
423 1979 590 2041 verisimile
620 1987 668 2040 est
700 1980 867 2040 secundam
891 1985 923 2039 et
944 1979 1069 2039 tertiam
1091 1979 1220 2040 satiram
1241 1999 1304 2039 non

170 2081 261 2142 nimis
290 2085 373 2143 inter
402 2104 435 2145 se
467 2082 640 2144 disiunctas
670 2102 747 2144 esse.
792 2081 941 2155 Quamvis
963 2084 1069 2159 igitur,
1100 2080 1183 2159 quod
1205 2081 1304 2144 satira

171 2189 319 2246 certiores
341 2196 433 2248 notas
455 2187 576 2247 natales
606 2206 667 2246 non
700 2185 778 2262 fert,
811 2192 949 2263 tempus,
983 2204 1043 2262 quo
1066 2184 1163 2245 satira
1185 2185 1304 2265 scripta

172 2295 228 2365 est,
252 2297 335 2350 certe
360 2293 549 2351 constituere
577 2309 637 2349 non
660 2288 824 2368 possimus,
859 2308 928 2348 eum
960 2297 1062 2348 tamen
1086 2308 1104 2348 a
1126 2307 1218 2366 scopo
1241 2307 1305 2348 non

171 2391 385 2453 aberraturum
408 2412 518 2453 censeo
542 2394 595 2469 qui
617 2398 704 2452 ratus
727 2394 861 2470 spatium
883 2390 966 2450 haud
990 2390 1035 2450 ita
1057 2410 1203 2468 magnum
1219 2389 1304 2451 inter

169 2493 297 2554 satiram
329 2496 497 2556 secundam
527 2503 558 2556 et
586 2497 712 2555 tertiam
740 2493 933 2555 intercedere
963 2513 1043 2554 anno
1075 2495 1137 2554 716
1165 2493 1215 2554 vel
1239 2494 1301 2555 717

170 2596 297 2656 tertiam
319 2597 521 2677 compositam
545 2600 700 2659 statuerit.

256 2735 276 2812 ξ
300 2736 329 2794 4.
373 2735 492 2813 Restat,
516 2735 605 2795 utin
627 2754 741 2795 annum
756 2733 957 2811 inquiramus,
981 2754 1039 2811 quo
1057 2754 1166 2796 versus
1181 2734 1234 2794 ille
1250 2735 1301 2813 63,

169 2833 202 2894 in
226 2856 286 2913 qno
309 2837 499 2899 Maecenatis
533 2837 634 2898 obiter
661 2836 776 2897 mentio
803 2835 854 2913 fit,
887 2839 1023 2915 scriptus
1052 2856 1120 2898 esse
1148 2836 1305 2904 videatur.

169 2936 257 3000 Dicit
280 2944 361 3001 enim
383 2948 491 3019 poeta:

300 3078 494 3159 „Simplicior
516 3078 587 3157 quis
610 3088 642 3140 et
663 3086 720 3156 est,
743 3078 866 3155 qualem
887 3097 936 3138 me
959 3097 1052 3155 saepe
1074 3076 1208 3137 libenter

299 3183 476 3245 Obtulerim
498 3182 564 3260 tibi,
587 3182 760 3258 Maecenas,
781 3188 818 3240 ut
839 3179 919 3241 forte
942 3182 1095 3258 legentem

299 3287 364 3347 Aut
386 3286 517 3348 tacitum
539 3285 680 3365 impellat
703 3283 812 3362 quovis
835 3303 992 3344 sermone:
1015 3283 1171 3344 ‘molestus

300 3389 461 3449 Communi
483 3409 577 3451 sensu
599 3390 690 3467 plane
714 3385 805 3449 caret’
828 3386 993 3465 inquimus.
1037 3386 1126 3446 Eheu

300 3490 398 3563 Quam
420 3499 536 3553 temere
558 3491 589 3551 in
612 3499 733 3551 nosmet
755 3490 856 3567 legem
878 3488 1033 3550 sancimus
1055 3487 1225 3566 iniquam!“

256 3611 361 3672 Verba
384 3631 457 3673 vero
479 3612 571 3673 haec:
608 3610 747 3688 „qualem
778 3628 827 3669 me
857 3627 949 3687 saepe
978 3608 1113 3668 libenter
1137 3606 1300 3668 obtulerim

169 3715 247 3777 tibi“
270 3714 420 3776 Horatius
442 3735 504 3775 non
526 3713 628 3793 potuit
660 3712 809 3788 scribere,
840 3711 1019 3790 priusquam
1049 3710 1083 3770 in
1110 3708 1300 3770 Maecenatis

170 3820 339 3881 amicitiam
361 3825 506 3895 receptus
529 3823 621 3877 esset.
664 3814 871 3888 Quamobrem
893 3812 945 3873 hic
966 3812 1125 3892 inopinato
1148 3811 1299 3873 Horatius

170 3922 361 3983 Maecenatis
382 3921 570 3980 mentionem
594 3917 689 3979 faciat
712 3916 804 3976 facile
827 3923 965 3995 apparet.
1001 3915 1111 3975 Voluit
1125 3913 1300 3993 significare

171 4024 382 4087 confirmatam
403 4028 465 4084 iam
481 4021 737 4083 consuetudinem
753 4028 783 4079 et
798 4017 1050 4097 familiaritatem,
1066 4018 1188 4078 etiamsi
1203 4017 1300 4079 verba

169 4127 369 4188 timiditatem
384 4124 539 4205 quandam
555 4133 586 4184 et
601 4124 750 4184 incertam
765 4142 799 4183 se
816 4121 945 4200 gerendi
959 4121 1126 4200 proderent
1140 4119 1299 4181 rationem.

170 4228 247 4292 Onm
281 4234 362 4291 enim
394 4229 525 4291 Horatio
558 4246 702 4306 magnam
733 4223 905 4287 molestiam
943 4243 1048 4284 eorum
1080 4222 1299 4302 importunitas
