2956 4822
634 281 847 346 ...20-

169 453 483 532 Kirchnerus1),
520 452 564 513 Ic.
589 450 706 535 Caspar
730 450 975 528 Orellius2),
998 450 1186 509 Franciscus
1209 447 1304 507 Rit-

170 557 344 638 151551),
367 555 564 618 chofredus
587 554 942 630 Stallbaumius⁴),
965 549 1304 630 Nipperdeius⁶).

170 662 213 722 Et
227 661 337 720 horum
353 662 487 719 omnium
502 657 640 719 virorum
656 656 816 717 doctorum
831 656 947 717 iudicia
958 676 993 715 5ο
1009 654 1154 715 maiorem
1170 650 1304 713 auctori-

170 771 267 823 tatem
289 763 414 839 habent,
446 761 528 839 quod
551 760 616 821 fare
640 780 745 820 omnes
766 760 798 819 in
821 759 945 820 Horatii
967 759 1057 818 libris
1084 754 1301 817 examinandis

171 864 272 925 omnia
302 865 392 926 nobis
415 863 578 924 retinenda
610 883 677 924 esse
704 862 765 924 sibi
796 883 976 942 persuasum
1007 861 1124 921 habent
1146 868 1193 937 et,
1220 867 1255 919 ut
1286 879 1305 918 e

171 965 299 1047 politico
334 967 426 1026 hodie
464 967 621 1026 hominum
660 957 800 1026 sermone
848 965 945 1025 verba
974 983 1107 1039 sumam,
1134 962 1306 1040 ,dextram

171 1073 310 1149 partem“
331 1069 558 1149 philologorum
581 1069 822 1129 Horatiancrum
844 1067 995 1127 obtinent.

259 1173 279 1250 ἓ
302 1174 330 1233 8.
376 1172 466 1246 Quod
489 1192 561 1232 vero
585 1172 625 1232 ad
647 1171 832 1232 sententiam
863 1192 880 1230 a
902 1170 1039 1229 Lucieno
1063 1169 1212 1228 Muellero
1236 1189 1307 1247 pro·

171 1275 269 1337 latam
291 1275 420 1354 attinet,
454 1277 508 1337 alii
530 1287 602 1337 ante
620 1297 690 1336 eum
714 1275 772 1335 viri
795 1275 893 1351 docti,
925 1273 977 1350 qui
1006 1272 1038 1332 in
1072 1271 1126 1331 illo
1149 1269 1307 1350 prooemio

173 1377 377 1457 offenderunt,
401 1379 440 1439 de
463 1378 581 1458 duplici
603 1378 782 1439 recensione
811 1378 903 1437 huius
926 1379 1041 1435 satirae
1066 1396 1083 1434 a
1105 1380 1198 1452 poeta
1220 1373 1308 1434 facta

176 1482 448 1558 cogitaverunt6),
483 1489 517 1541 ut
552 1481 679 1542 Carolus
709 1479 915 1539 Frankius
949 1487 982 1538 et
1009 1478 1103 1556 paulo
1135 1484 1207 1536 ante
1236 1496 1307 1536 eum

173 1583 547 1661 Morgensternius.
603 1584 687 1656 Quos
717 1586 801 1644 viros
825 1589 950 1643 secutus
990 1581 1113 1660 putavit
1148 1579 1309 1639 Lucienus

173 1686 343 1747 Muellerus
365 1687 422 1746 hos
451 1706 560 1747 versus
591 1688 630 1747 ab
653 1686 784 1746 Horatio
814 1685 912 1763 primo
943 1684 1066 1762 quidem
1095 1683 1184 1743 initio
1213 1683 1310 1742 huius

173 1788 289 1849 satirae
323 1789 458 1867 positos,
492 1789 604 1849 deinde
645 1797 748 1848 eutem
778 1809 796 1847 5
825 1795 918 1866 pocta
947 1787 1014 1865 ipso
1047 1786 1129 1846 curis
1162 1785 1310 1846 secundis

174 1911 338 1970 oppressos
361 1912 438 1952 esse.
482 1891 603 1963 Quibus
634 1890 807 1951 rationibus
829 1891 979 1950 Horatius
1009 1895 1168 1967 permotus
1190 1887 1241 1966 sit,
1272 1894 1310 1946 ut

174 2000 293 2053 mutato
311 1994 439 2054 consilio
455 1994 514 2054 hoc
530 1994 689 2054 exordium
712 1994 873 2070 recideret,
897 1993 957 2054 alia
980 1994 1020 2053 ab
1043 1992 1114 2053 aliis
1137 1992 1213 2052 viris
1235 1998 1311 2052 sunt

176 2098 307 2175 prolatu.
348 2096 615 2176 Morgensternius
631 2098 797 2158 Horatium
818 2097 1009 2175 petulantiae
1031 2115 1106 2156 suae
1122 2101 1311 2172 pertaesum,

176 2199 347 2261 Muellerus
370 2201 484 2261 fiducia
505 2200 622 2278 ingenii
645 2203 694 2260 sui
718 2207 849 2278 auctum,
873 2199 925 2260 alii
946 2202 978 2258 in
1000 2198 1195 2276 longitudine
1214 2205 1310 2274 atque
1358 2246 1360 2250 .

176 2303 319 2363 ubertate
342 2304 490 2381 prooemii
513 2301 721 2363 offendentem
741 2303 825 2363 aliud
849 2303 1008 2363 exordium
1032 2301 1195 2380 scripsisse
1218 2308 1308 2360 autu-

177 2411 270 2464 mant.
315 2405 399 2477 Quas
422 2406 558 2466 rationes
581 2425 650 2466 esse
673 2426 773 2466 meras
803 2409 997 2466 coniecturas
1019 2425 1107 2464 nemo
1130 2425 1191 2463 non
1213 2403 1312 2463 videt.

177 2505 227 2565 An
242 2515 335 2584 putas
351 2509 540 2586 probabilem
565 2513 752 2569 sententiam
774 2502 879 2568 eorum
902 2528 979 2586 esse,
1003 2510 1055 2585 qui
1078 2508 1159 2568 hanc
1181 2507 1312 2568 satiram

177 2628 245 2669 esse
261 2617 462 2670 retractatam
478 2614 522 2671 ita
545 2611 677 2689 probare
693 2619 851 2688 conantur,
874 2619 909 2671 ut
923 2611 983 2672 hcc
1002 2610 1125 2688 longius
1142 2609 1312 2686 exordium,

179 2711 262 2787 quod
277 2716 422 2773 iuvenum
438 2714 569 2774 maxime
585 2720 745 2792 poetarum
760 2714 871 2774 vitium
887 2714 928 2774 sit
943 2713 1098 2773 luxuriare
1115 2716 1146 2772 in
1166 2712 1312 2790 exordiis,

267 2882 291 2938 l)
311 2878 412 2934 Horat.
431 2886 493 2933 5511.
512 2880 547 2933 ed
565 2880 745 2946 Kirchnerus,
756 2880 865 2950 Lipsiae
885 2881 959 2947 1854,
977 2881 1030 2934 vol.
1049 2880 1063 2933 I
1082 2898 1109 2950 p.
1128 2881 1188 2946 141,
1209 2879 1260 2933 vol.
1280 2878 1312 2932 II

182 2980 208 3033 p.
228 2963 279 3017 324
296 2981 354 3034 sqq.

262 3050 289 3109 21
308 3050 412 3105 Horat.
431 3051 472 3106 ed.
492 3050 620 3116 Orellius,
639 3051 680 3105 ed.
699 3051 742 3105 VI
760 3067 817 3106 cur.
837 3050 1034 3116 Hirschfelder,
1053 3052 1141 3106 Berol.
1161 3051 1235 3106 1882.

264 3137 290 3196 3)
309 3135 411 3191 Horat.
431 3136 471 3192 ed.
491 3136 624 3203 Ritterus,
643 3136 752 3207 Lipsiae
772 3138 845 3192 1856.

263 3224 289 3290 4)
324 3222 358 3277 G.
388 3223 604 3288 Stallbaumius,
636 3223 731 3278 Brevis
764 3223 914 3293 recognitio
946 3223 1110 3278 iudiciorum
1144 3223 1178 3278 (15
1211 3222 1312 3277 Horat.

180 3313 230 3360 sat.
249 3307 264 3360 I
283 3307 316 3362 10
334 3309 454 3375 exordio,
472 3309 582 3379 Lipsiae
601 3311 675 3364 1857.

263 3394 289 3460 5)
302 3393 330 3446 Ν
336 3394 497 3464 ipperdei
505 3412 524 3448 u
532 3412 560 3460 s,
572 3394 616 3448 De
633 3394 700 3448 locis
713 3393 879 3464 quibusdam
892 3393 1003 3449 Horatii
1016 3412 1050 3449 ex
1062 3395 1151 3465 primo
1164 3393 1312 3447 satirarum

182 3476 253 3532 libro
271 3480 466 3534 commentatio
480 3480 575 3545 altera,
593 3479 676 3534 lenae
695 3479 769 3545 1858,
788 3498 814 3550 p.
834 3480 909 3535 2-7.

264 3563 398 3629 6181111111
424 3565 452 3618 in
475 3565 610 3620 sententia
636 3565 732 3620 111111.
751 3566 790 3620 H.
809 3566 980 3632 Vossius,
1004 3566 1051 3635 qui
1076 3565 1170 3619 dehis
1188 3563 1313 3619 versibus

181 3649 208 3702 111
232 3649 315 3705 libro:
345 3651 559 3722 Anmerlxungen
583 3650 642 3705 und
667 3650 857 3723 Randglossen
881 3669 916 3705 zu
942 3651 1079 3706 Griechen
1107 3650 1164 3703 und
1182 3650 1313 3715 Rdmern,

177 3751 204 3804 p.
219 3734 268 3790 252
280 3734 399 3805 (Lipsiae
410 3736 486 3804 1838)
496 3737 536 3790 115
544 3736 686 3791 disseruit:
700 3736 955 3803 „Wahfflchdnlich
963 3736 1013 3791 hat
1022 3736 1071 3791 der
1080 3735 1165 3790 bitter
1176 3735 1315 3807 getadelte

177 3820 419 3889 grammaticorum
444 3822 568 3892 equitum
594 3822 785 3891 doctissimus,
814 3823 862 3878 der
892 3822 978 3894 gewiss
1002 3822 1054 3876 mit
1080 3821 1168 3876 seiner
1193 3821 1314 3876 Junker-

177 3905 395 3976 gelehrsamkeit,
413 3905 500 3960 dieser
517 3907 646 3962 miihsam
664 3907 721 3961 ihm
741 3908 942 3980 eingebliuten,
959 3908 988 3962 in
1000 3907 1072 3963 Rom
1091 3907 1144 3962 viel
1161 3925 1197 3962 zu
1214 3906 1313 3962 lachen

178 3991 241 4062 gab,
259 3991 305 4045 1111
323 3990 395 4047 Geld
413 3991 471 4045 und
488 3999 556 4063 gnte
573 3994 670 4049 Worte
687 4010 741 4048 von
759 3993 812 4049 den
831 3993 1047 4050 Buohhandlem
1060 3993 1192 4060 erhalten‚
1210 3992 1265 4048 duss
1284 3992 1313 4046 111

176 4093 206 4131 55
225 4076 310 4131 1151511
329 4075 509 4132 Abschrliten
534 4078 574 4132 als
601 4079 722 4150 mdglich
745 4080 795 4135 der
813 4080 928 4151 Anfang
953 4079 1040 4135 dieser
1061 4079 1150 4136 Satira
1174 4077 1314 4150 wegblieb.

175 4161 323 4217 Vielleicht
340 4162 412 4217 auch
429 4162 484 4217 11511
503 4163 597 4219 Horaz
616 4165 701 4219 selbst
719 4164 779 4219 sich
797 4165 928 4232 erflehen,
946 4165 999 4220 den
1017 4165 1148 4236 Eingang
1165 4181 1201 4218 zu
1218 4163 1314 4234 tilgcn,

176 4247 217 4301 als
236 4247 322 4302 schon
340 4248 462 4304 mehrere
479 4249 657 4305 Absohriiten
676 4250 800 4306 bekannt
818 4258 933 4308 waren.“
