2956 4822
632 303 845 369 ..43-

164 482 272 555 poetas
301 475 530 554 praedicabant
559 473 825 552 recentiorumque
855 482 1015 551 poetarum
1046 492 1138 551 opera
1167 470 1295 531 minoris

165 580 330 656 ducebant,
353 577 527 653 Horatium,
549 578 601 653 qui
625 596 724 637 novae
746 577 870 638 scholae
893 576 1082 636 clarissimus
1106 581 1172 635 erat
1194 579 1295 656 poete,

165 701 352 759 magnopere
375 680 595 740 exacerbatum
617 679 715 741 fuisse
739 700 776 740 ex
798 679 843 740 rei
868 679 938 757 ipsa
959 686 1071 739 natura
1094 679 1203 738 elucet.
1246 676 1295 736 De

166 783 215 843 his
245 783 366 843 inscitie
396 783 513 860 pariter
543 793 636 860 atque
665 781 790 842 iniustis
812 781 992 858 indignatus
1022 779 1146 842 iudiciis
1169 777 1296 855 scripsit

166 885 316 946 Horatius
339 894 479 961 quartam
503 886 640 962 satiram,
671 887 704 944 in
727 905 788 962 qua
809 886 879 945 istis
902 883 1183 960 calumniatoribus,
1206 880 1295 958 quid-

168 988 242 1066 quid
280 989 312 1047 in
346 988 467 1049 Lucilio
504 988 651 1048 vitiosum
689 996 720 1048 et
755 987 988 1065 reprehensioni
1026 988 1190 1048 obnoxium
1228 1002 1296 1044 esse

167 1092 308 1170 putabat,
331 1097 403 1151 ante
426 1092 539 1152 oculos'
551 1093 743 1169 proponebat
760 1109 946 1166 suorumque
962 1089 1130 1151 carminum
1145 1091 1296 1147 rationem

145 1205 200 1255 et
223 1194 386 1256 consilium
411 1194 594 1272 exponebat.

253 1297 320 1358 Iam
354 1317 423 1357 cum
443 1296 523 1357 >sive
556 1303 666 1376 suapte
700 1297 812 1358 ductus
845 1297 1006 1357 voluntate
1036 1299 1102 1355 sive
1131 1293 1297 1354 amicorum

109 1427 111 1432 ·
168 1400 389 1461 monitionibus
410 1400 564 1476 impulsus
579 1401 792 1460 constituisset
808 1420 884 1476 quas
907 1399 1009 1460 adhuc
1031 1402 1244 1475 composuerat
1267 1400 1299 1454 et

169 1522 226 1582 per
247 1504 324 1564 satis
346 1503 471 1579 longum
488 1504 637 1581 temporis
659 1504 795 1580 spatium
813 1502 845 1561 in
868 1502 990 1562 scriniis
1005 1508 1162 1579 presserat
1184 1498 1297 1560 satiras

168 1610 201 1666 in
224 1626 317 1665 unum
339 1605 483 1665 volumen
507 1606 652 1666 collectas
668 1605 786 1684 publici
808 1605 884 1665 iuris
906 1604 1018 1682 facere,
1040 1604 1087 1663 sui
1111 1600 1299 1663 defendendi

170 1729 263 1769 causa
292 1708 443 1769 decimam
474 1710 602 1769 satiram
632 1707 774 1769 confecit.
818 1708 905 1768 Haec
937 1709 1032 1768 satira
1061 1715 1097 1767 ut
1120 1714 1169 1766 est
1189 1707 1300 1764 ultima

170 1811 304 1897 omnium
326 1812 492 1872 satirarum
515 1812 610 1889 priori
639 1812 719 1872 libro
750 1813 839 1889 quasi
863 1811 1003 1889 epilogus
1025 1804 1140 1887 addita,
1170 1809 1215 1869 ita
1238 1809 1301 1868 dici

169 1913 338 1989 haberique
360 1922 465 1992 potest
486 1914 645 1975 liberrima
675 1915 819 1993 apologia
841 1914 1014 1976 studiorum
1036 1915 1234 1991 poeticorum,
1266 1912 1299 1970 in

170 2036 248 2092 quae
272 2016 373 2077 adhuc
395 2019 586 2077 incubuerat.
631 2017 742 2094 Itaque
757 2018 816 2079 hac
831 2020 864 2077 in
879 2017 982 2095 satira,
1004 2037 1065 2076 non
1089 2036 1148 2092 quo
1171 2017 1299 2075 meritae

87 2109 89 2112 ⁸
169 2127 310 2179 veterum
338 2127 499 2197 poetarum
531 2120 616 2178 laudi
646 2119 814 2196 quidquam
844 2119 1003 2197 detrahat,
1036 2118 1092 2179 sed
1122 2123 1157 2178 ut
1186 2118 1301 2178 cultius

169 2240 258 2281 suum
287 2221 436 2282 iudicium
467 2223 507 2283 ab
538 2222 782 2282 obtrectatorum
816 2222 1106 2300 reprehensionibus
1145 2219 1299 2298 defendat,

169 2324 319 2384 Horatius
349 2324 420 2385 istis
451 2324 617 2403 iudicibus,
652 2325 704 2401 qui
733 2325 846 2386 Lucilii
876 2327 1009 2386 virtutes
1030 2333 1155 2402 praeter
1177 2315 1300 2383 moduni

171 2428 371 2505 extollebant,
401 2428 576 2489 summatim
598 2429 765 2506 respondet
787 2448 899 2505 eosque
923 2429 961 2488 cb
984 2428 1112 2487 nimium
1133 2427 1300 2488 vetustatis

171 2530 308 2590 studium
324 2532 435 2592 acerbe
451 2531 597 2608 exagitat.
641 2531 727 2591 Nihil
749 2531 915 2592 semoveri
939 2530 983 2591 ait
997 2531 1127 2591 istorum
1142 2529 1299 2590 hominum

171 2632 296 2694 iudiciis
320 2639 351 2693 et
373 2634 638 2710 vellicationibus;
668 2634 755 2710 vulgi
787 2635 939 2711 malignas
969 2634 1182 2694 cavillationes
1205 2653 1239 2692 se
1262 2652 1301 2693 ne

171 2734 261 2796 flocci
285 2736 409 2812 quidem
433 2738 548 2796 habere
570 2756 670 2812 neque
686 2757 742 2797 sua
764 2737 868 2814 magni
890 2737 1040 2799 interesse
1062 2737 1169 2815 populi
1191 2736 1300 2797 laudes

170 2840 231 2900 sibi
253 2839 420 2900 vindicare.
463 2840 508 2899 Ut
529 2840 694 2898 multorum
728 2839 938 2916 imperitorum
961 2840 1110 2899 invidiam
1133 2846 1165 2901 et
1188 2839 1300 2917 odium,

170 2944 216 3002 ita
239 2962 273 3002 se
296 2945 404 3020 optimi
420 2943 567 3019 cuiusque
584 2942 841 3003 existimationem
860 2950 891 3002 et
913 2941 1051 3004 favorem
1073 2943 1133 3004 sibi
1157 2943 1300 3004 concilia·

171 3044 255 3105 visse
279 3054 310 3106 et
333 3046 441 3105 horum
462 3045 660 3123 prudentium
689 3046 813 3106 laudem
842 3049 966 3124 ineptae
988 3047 1197 3105 multitudinis
1220 3047 1301 3106 vitu-

171 3148 324 3224 perationi
346 3149 438 3226 longe
467 3147 631 3226 praeferre,
674 3149 779 3224 Atque
809 3158 844 3208 ut
873 3151 1018 3209 ostendat
1048 3168 1177 3225 magnos
1207 3157 1238 3208 et
1268 3151 1300 3208 in

173 3253 299 3311 civitate
330 3261 471 3329 potentes
502 3252 641 3312 homines
672 3251 783 3313 iisdem
814 3258 906 3328 atque
939 3272 972 3312 se
1005 3252 1127 3329 legibus
1156 3257 1300 3328 poemata

172 3353 310 3414 iudicare
341 3364 372 3414 et
394 3376 412 3414 a
434 3355 499 3415 suis
528 3355 672 3432 partibus
703 3362 786 3415 stare
816 3356 968 3431 simulque
998 3364 1033 3413 ut
1065 3355 1239 3431 aequalium
1268 3357 1301 3414 in

173 3458 373 3518 aestimandis
404 3460 504 3536 poetis
539 3466 698 3535 stuporem
736 3458 961 3534 eorundemque
999 3460 1031 3516 in
1068 3457 1300 3518 contemnendis

173 3562 271 3638 ipsius
294 3561 399 3621 satiris
422 3561 618 3637 iniquitatem
634 3567 666 3620 et
689 3561 854 3621 stultitiam
876 3568 957 3620 tecte
980 3560 1179 3639 perstringat,
1201 3562 1301 3620 Hora-

172 3664 235 3724 tius
258 3684 349 3724 versu
379 3666 417 3723 81
450 3664 495 3723 ita
523 3662 655 3723 inflectit
684 3683 862 3740 sermonem,
892 3671 927 3723 ut
957 3663 996 3722 ad
1018 3666 1102 3723 viros
1125 3664 1246 3724 nobiles
1270 3671 1302 3723 et

172 3767 300 3826 idoneos
316 3769 485 3825 carminum
500 3765 618 3825 iudices
635 3774 774 3826 transeat
790 3767 958 3842 doctosque
974 3765 1109 3827 fautores
1133 3776 1165 3826 et
1187 3767 1301 3827 amicos

173 3870 334 3948 producat.
390 3869 421 3928 Si
455 3877 597 3946 poemata
631 3890 687 3930 sua
721 3890 739 3928 a
770 3869 846 3928 viris
883 3869 1075 3929 humanitate
1108 3870 1229 3947 politis,
1266 3879 1302 3929 ut

172 3972 291 4048 Plotio,
322 3972 433 4048 Vario,
463 3971 659 4042 Maecenate,
690 3972 838 4049 Vergilio,
870 3972 990 4050 Valgio,
1021 3970 1160 4049 Octavio,
1191 3973 1301 4049 Fusco,

172 4075 276 4135 Viscis
309 4074 488 4151 probentur,
525 4079 663 4152 impense
697 4095 730 4134 se
763 4074 941 4151 gavisurum
975 4095 1042 4135 esse
1075 4074 1238 4153 profitetur
1271 4084 1302 4134 et

173 4197 296 4256 operam
333 4183 454 4235 tantum
492 4177 653 4254 daturum,
682 4186 717 4236 ut
754 4198 810 4237 sua
852 4178 987 4238 carmina
1017 4177 1123 4237 amicis
1161 4178 1304 4255 Pollioni,

100 4282 104 4289 '
172 4279 337 4358 Messalae,
368 4279 489 4356 Bibulo,
517 4279 632 4356 Servio,
655 4279 758 4339 Furno
782 4281 949 4342 arrideant.
995 4279 1130 4350 Quorum
1152 4280 1302 4342 nobilium
