2956 4822
629 283 822 348 ,9-

158 453 217 514 sub
250 451 342 513 finem
373 453 445 513 anni
469 455 532 514 714
561 457 723 516 commissa
746 455 837 515 Bruti
859 463 966 535 partes
988 465 1115 519 secutus
1137 465 1230 536 esset,
1253 478 1294 519 ex

157 577 264 636 pugna
278 556 369 618 modo
384 556 531 617 reducem
553 557 629 617 belli
650 559 753 619 civilis
770 559 980 620 calamitatem
995 567 1175 637 pertaesum
1197 567 1293 638 atque

157 658 288 721 iuvenili
310 662 430 737 impetu
451 660 578 738 plenum
600 660 704 721 odium
726 665 759 721 in
782 659 981 727 adversariae
1003 666 1104 741 partis
1120 668 1292 723 sectatores

159 764 294 842 gessisse
315 764 448 841 ideoque
470 764 693 841 Maecenatem,
723 767 881 826 triumviri
902 769 1039 843 potentis
1063 769 1204 844 amicum,
1226 765 1293 826 sale

158 886 217 928 suo
240 865 448 945 perfricuisse.
492 867 643 927 Maiarum
673 867 754 927 anim
785 876 819 928 et
839 867 1051 946 simplicitatis
1074 887 1239 928 memorem
1262 875 1295 928 et

160 971 339 1030 severitatis
368 969 542 1030 studiosum
570 969 736 1029 Horatium
768 970 968 1030 vehementer
996 968 1165 1032 offendisse
1191 969 1223 1029 in
1246 963 1293 1030 in·
1377 965 1379 968 ⁴

160 1072 251 1133 solito
273 1072 467 1133 Maecenatis
489 1071 614 1133 incessu
636 1072 784 1150 cultuque
807 1072 960 1134 muliebri.

244 1173 307 1237 Sed
329 1194 515 1251 quamquam
537 1175 613 1235 haec
635 1179 791 1236 sententia
813 1175 944 1236 multum
966 1175 1200 1254 probabilitatis
1215 1194 1291 1254 prae

158 1296 194 1337 se
215 1275 297 1336 ferre
319 1276 459 1355 videtur,
489 1283 593 1338 tamen
623 1278 708 1339 haud
738 1281 847 1355 paucis
869 1276 1110 1338 difficultatibus
1133 1278 1294 1338 obstructa

158 1387 215 1441 est.
258 1379 371 1457 Itaque
394 1378 660 1440 addubitaverunt
681 1381 743 1440 riri
765 1381 945 1458 doctissimi,
969 1382 1023 1458 qui
1045 1381 1175 1441 scurrile
1197 1388 1229 1440 et
1252 1379 1291 1438 ab

159 1482 285 1542 Horatii
324 1482 579 1558 Maecenatisque
609 1482 841 1542 necessitudine
881 1482 1104 1543 alienissimum
1137 1480 1292 1559 putabant

160 1584 244 1646 hunc
258 1585 317 1646 sub
332 1583 405 1644 ficto
420 1586 543 1644 nomine
558 1584 690 1645 irrideri.
720 1584 956 1663 Antesignanus
979 1584 1088 1644 horum
1111 1592 1159 1643 est
1181 1583 1293 1642 Mad·

158 1690 317 1765 vigius,
341 1691 394 1763 qui
416 1689 551 1747 maxima
574 1707 642 1747 cum
665 1687 830 1765 diligentia
852 1688 892 1748 de
914 1688 973 1748 hoc
994 1707 1088 1749 versu
1111 1684 1294 1764 disputavit.

159 1788 221 1850 Hic
255 1793 337 1850 enim
376 1793 479 1851 sciens
510 1790 676 1851 Horatium
707 1790 814 1851 multis
843 1790 1081 1851 scholiastarum
1113 1791 1294 1848 commentis

126 1923 128 1926 >
161 1893 305 1953 obrutum
321 1913 389 1954 esse
407 1898 502 1954 etiam
525 1895 666 1956 hocloco
682 1896 861 1957 scholiastis
883 1895 976 1955 fidem
991 1892 1203 1971 abrogandam
1225 1910 1294 1953 esse

160 2001 275 2055 censet.
319 1995 425 2074 Atque
454 2018 563 2060 revera
595 1999 750 2079 permulta
773 1999 915 2078 exempla
947 2005 1072 2076 praesto
1094 2002 1183 2074 sunt,
1214 2014 1294 2073 quae

162 2096 274 2157 docent
303 2119 322 2157 a
351 2098 530 2161 scholiastis
559 2121 708 2179 personas
739 2102 930 2162 Horatianas
960 2100 1053 2178 plane
1077 2102 1202 2176 ignotas
1225 2117 1294 2158 cum

160 2198 337 2262 hominibus
365 2201 491 2263 aliunde
521 2208 603 2265 notis
633 2203 779 2265 confusas
809 2224 886 2265 esse.
940 2203 1012 2263 Huc
1042 2201 1179 2278 accedit,
1211 2200 1294 2277 qnod

161 2303 283 2362 omnino
299 2324 456 2397 perpauca
467 2306 595 2374 ,nomina
618 2306 693 2367 ficta
715 2309 747 2366 in
769 2308 876 2367 satiris
898 2306 1080 2365 Horatianis
1102 2310 1177 2364 sunt
1200 2308 1294 2380 atque

160 2405 267 2483 multa,
290 2428 368 2484 quae
382 2408 456 2468 olim
471 2429 526 2488 pro
549 2410 724 2471 nominibus
740 2409 822 2470 fictis
845 2417 876 2470 et
899 2431 918 2469 a
934 2409 1091 2470 veteribus
1114 2406 1292 2467 scholiastis
1327 2468 1328 2472 ,

161 2512 194 2567 et
225 2529 243 2568 a
272 2510 450 2572 recentibus
479 2512 704 2591 interpretibus
727 2512 933 2588 habebantur,
962 2512 1050 2572 velut
1079 2509 1194 2570 Villius
1222 2514 1294 2588 (sat.

158 2608 184 2670 Ι.
207 2613 236 2687 2,
259 2613 312 2688 64)
335 2619 367 2672 et
389 2613 592 2692 Longarenus
614 2619 684 2692 (sat.
706 2616 731 2676 L
754 2617 783 2694 2,
806 2617 859 2692 67)
881 2634 937 2693 pro
959 2613 1061 2673 Annio
1090 2612 1143 2675 vel
1164 2612 1290 2689 Milone,

160 2734 236 2775 vera
259 2715 415 2775 hominum
445 2719 645 2778 obscurorum
674 2721 799 2779 nomina
829 2737 897 2778 esse
919 2716 1211 2776 demonstraverunt
1232 2715 1293 2773 viri

161 2817 297 2900 docti1).

245 2922 351 2999 Atque
373 2929 408 2981 ut
431 2922 635 2984 concedamus
657 2924 716 2985 hoc
738 2943 831 2985 versu
860 2923 1073 2983 Maecenatem
1097 2921 1137 2982 ab
1161 2919 1291 2979 Horatio

160 3024 342 3084 vellicatum
358 3030 390 3084 et
405 3029 535 3086 satiram
550 3033 689 3104 tempore
704 3031 855 3105 scriptam
870 3045 946 3104 esse,
966 3046 1026 3101 quo
1043 3023 1193 3085 Horatius
1215 3040 1291 3080 non·

162 3124 234 3184 dum
258 3129 291 3184 in
312 3126 505 3189 Maecenatis
528 3133 695 3190 amicorum
710 3150 872 3190 numerum
887 3129 1064 3206 adscriptus
1088 3131 1164 3203 erat,
1186 3131 1292 3184 tamen

160 3228 309 3288 miramur
340 3228 522 3307 Horatium,
554 3250 623 3291 cum
653 3237 752 3291 totum
781 3233 894 3291 librum
927 3229 1033 3291 ederet
1055 3227 1294 3304 Maecenatique

164 3330 333 3409 dedicaret,
354 3330 438 3391 hunc
454 3351 587 3409 versum,
610 3353 670 3409 quo
685 3335 872 3392 mentionem
887 3330 1079 3391 Maecenatis
1094 3349 1155 3389 non
1170 3330 1293 3390 honori·

161 3434 253 3495 ficam
275 3436 443 3511 iniecisset,
465 3454 526 3493 non
549 3440 687 3495 mutasse
710 3440 765 3494 aut
780 3434 989 3494 oblitterasse.
1033 3432 1114 3492 Nam
1136 3432 1194 3492 hoc
1216 3431 1294 3491 mihi

164 3543 302 3614 constat,
333 3539 361 3598 si
383 3544 476 3614 poeta
498 3536 557 3597 hoc
579 3556 672 3598 versu
693 3537 869 3597 Maecenati
891 3535 1037 3594 iniuriam
1058 3533 1193 3613 fecerat,
1224 3554 1293 3595 eam

163 3660 225 3699 non
254 3643 356 3700 minus
387 3659 515 3717 gravem
547 3637 660 3716 fuisse,
690 3659 758 3701 cum
789 3638 905 3698 satirae
934 3640 968 3696 in
996 3637 1110 3698 librum
1142 3637 1293 3698 collectae
1404 3701 1406 3706 λ

162 3747 194 3801 et
209 3743 375 3820 evulgatae
390 3750 472 3820 sunt,
496 3763 588 3831 quam
612 3762 682 3802 curn
697 3743 773 3802 haec
789 3762 851 3801 una
867 3743 965 3802 satira
979 3760 1120 3801 seorsum
1134 3745 1167 3801 in
1190 3742 1291 3802 lucem

162 3845 286 3922 prodiit.

249 4013 275 4077 1)
293 4012 349 4067 Cir.
361 4012 522 4083 Madvig,
540 4013 642 4084 Opusc.
657 4012 733 4068 acad.
746 4013 775 4066 I:
801 4013 975 4082 Epimatrum
988 4011 1023 4066 de
1036 4011 1148 4065 Horatii
1158 4009 1294 4066 secundae

162 4097 263 4153 satirae
286 4097 349 4152 libri
372 4099 454 4168 primi
478 4116 558 4154 versu
575 4099 617 4154 25.
654 4097 848 4166 Saelinski,
872 4098 916 4153 De
937 4096 1096 4153 nominibus
1113 4112 1294 4166 personarum

161 4183 237 4254 apud
262 4189 357 4255 poetas
384 4184 508 4238 satiricos
538 4184 690 4251 Romanos,
718 4184 783 4238 diss.
807 4183 963 4255 Regimont.
992 4181 1067 4238 1862.
1112 4182 1133 4237 J
1139 4181 1223 4249 aila,
1250 4182 1304 4245 De¹

160 4272 286 4338 personis
303 4269 476 4337 Horatianis,
493 4269 559 4325 diss.
577 4271 644 4325 Hal
664 4270 738 4326 1885.
