2956 4822
639 220 850 285 „24-

173 415 266 470 quam
289 400 382 453 antea
404 392 559 470 explicare
575 400 712 468 conatur,
735 392 882 467 quidnam
897 391 947 468 sit,
962 392 1052 469 'quod
1075 392 1115 452 ad
1138 394 1307 453 carminum

173 502 369 557 venustatem
392 502 424 555 et
447 496 633 572 elegantiam
652 495 768 555 valeat.
812 496 882 554 Hac
915 495 953 555 de
975 515 1009 555 re
1033 516 1128 573 agens
1152 515 1220 554 cum
1244 514 1305 553 non

173 607 237 660 tam
252 602 353 677 ipsum
368 598 524 657 Lucilium
540 618 631 674 quam
653 598 757 675 potius
780 599 917 675 eos„qui
939 597 1042 658 nimiis
1064 598 1211 659 laudibus
1234 617 1303 656 eum

173 701 353 778 efferebant,
375 700 589 779 reprehendit,
617 702 735 761 urbane
758 709 789 762 et
811 722 907 779 prope
934 700 1072 760 modeste
1103 701 1185 777 quod
1207 700 1303 760 satira

173 811 284 882 quarta
307 804 346 864 de
368 812 461 881 poeta
482 805 537 863 illo
560 808 687 880 eiusque
711 804 900 864 carminibus
923 804 1065 864 ediderat
1087 803 1236 863 iudicium
1258 806 1303 862 ita

172 907 347 986 confirmat,
374 914 491 967 utnon
523 907 612 966 modo
642 907 816 985 opinionem
838 927 925 967 suam
947 927 1059 984 magna
1082 928 1150 967 cum
1173 907 1304 966 lenitate

172 1019 323 1088 exponat,
353 1010 409 1070 sed
439 1012 532 1069 etiam
561 1009 645 1069 illius
675 1009 845 1071 virtutibus
867 1009 990 1069 laudem
1012 1030 1162 1070 summam
1184 1009 1304 1069 tribuat

173 1120 266 1191 atque
289 1134 333 1190 ea,
357 1132 435 1190 quae
458 1111 524 1190 ipse
548 1111 576 1171 ei
598 1114 674 1172 vitio
706 1113 817 1188 vertit,
847 1112 1010 1189 Lucilium,
1033 1111 1060 1171 si
1083 1112 1177 1188 vivat,
1200 1111 1302 1189 ipsum

123 1244 128 1261 ·
170 1215 403 1276 emendaturum
426 1222 458 1274 et
480 1215 627 1291 temporis
649 1214 823 1274 rationibus
846 1221 1024 1291 optaturum
1047 1234 1115 1274 esse
1139 1213 1233 1274 dicat.

257 1319 285 1376 A
309 1338 370 1394 qua
391 1317 511 1377 ratione
535 1316 709 1377 amaritudo
731 1320 801 1394 ista,
825 1338 886 1395 qua
909 1323 1015 1377 auctor
1038 1320 1185 1394 prooemii
1208 1317 1300 1375 Luci·

171 1421 246 1480 lium
281 1423 470 1497 insectatur,
501 1421 577 1480 adeo
612 1420 783 1498 discrepat,
820 1429 855 1479 ut
886 1440 984 1497 neque
1022 1440 1091 1479 cum
1128 1417 1303 1478 Horatiana

171 1530 336 1584 venustate
369 1543 469 1599 neque
494 1501 584 1583 >cuni
624 1524 721 1584 totius
755 1523 871 1584 satirae
909 1532 1090 1601 argumento
1129 1524 1302 1581 conveniat.

170 1627 359 1705 Magnopere
392 1647 464 1687 vero
495 1625 574 1685 illud
604 1630 711 1703 miror,
745 1633 808 1687 tam
846 1627 960 1687 multos
997 1628 1095 1702 viros,
1134 1625 1186 1701 qui
1223 1624 1303 1683 hanc

169 1729 411 1808 discrepantiam
443 1730 554 1789 coloris
584 1737 773 1806 agnoscunt,
803 1737 907 1788 tamen
939 1730 996 1788 hos
1028 1748 1136 1788 versus
1170 1727 1302 1786 Horatio

170 1833 317 1894 tribuere.
360 1832 432 1891 Mea
454 1831 577 1908 quidem
601 1831 745 1909 opinione
769 1831 828 1890 hoc
851 1831 1011 1890 exordium
1033 1850 1093 1890 non
1109 1836 1214 1907 potest
1228 1829 1303 1889 scri-

173 1941 261 2013 ptum
278 1954 345 1994 esse
361 1936 401 1995 ab
417 1934 557 2009 Horati0,
581 1932 662 2010 quod
685 1933 712 1993 si
734 1933 920 2011 scripsisset,
943 1933 1067 1993 sibimet
1089 1932 1156 2009 ipse
1178 1931 1211 1990 in
1233 1951 1303 1992 sen·

170 2037 269 2097 tentia
291 2037 505 2115 persequenda
529 2044 635 2114 aperte
658 2038 818 2097 adversari
841 2036 1009 2096 videretur.

256 2141 275 2218 ξ
300 2142 348 2199 11.
385 2141 432 2199 Ac
447 2161 486 2199 ne
502 2146 606 2200 cetera
623 2138 747 2216 quidem
767 2159 846 2215 quae
869 2145 1041 2215 sequuntur
1062 2139 1164 2197 locum
1186 2137 1302 2196 habere

171 2241 403 2320 intellegemus,
435 2242 463 2303 si
486 2245 719 2320 cognoverimus
742 2249 866 2320 poetam
895 2248 960 2301 tam
983 2242 1147 2302 obnoxium
1171 2241 1302 2300 aliorum

169 2345 284 2404 iudicio
300 2365 362 2405 non
377 2343 481 2421 fuisse,
504 2353 539 2402 ut
555 2343 594 2403 ad
610 2343 871 2420 comprobandam
894 2363 981 2402 suam
1003 2346 1102 2420 ipsius
1126 2343 1164 2402 de
1180 2343 1301 2402 Lucilio

170 2450 357 2508 sententiam
398 2446 438 2506 ad
482 2447 691 2507 litteratorum
736 2445 951 2506 auctoritatem
999 2445 1188 2522 confugeret.
1251 2447 1302 2506 An

169 2550 316 2626 Horatio,
347 2548 526 2625 ceteroquin
556 2569 630 2609 suae
660 2548 720 2608 sibi
743 2547 820 2608 artis
851 2555 883 2607 et
905 2546 1066 2608 facultatis
1093 2549 1234 2625 conscio,
1264 2555 1300 2608 ut

168 2672 237 2714 sese
255 2653 293 2712 ab
316 2651 510 2716 inimicorum
524 2650 808 2729 vituperationibus
824 2649 1013 2729 defenderet,
1036 2651 1151 2710 mentio
1172 2650 1301 2712 Catonis

170 2755 255 2814 illius
286 2775 362 2834 opus
388 2753 464 2831 fuit,
494 2756 546 2830 qui
569 2754 684 2814 Lucilii
707 2754 850 2814 versibus
874 2752 1074 2813 emendandis
1098 2774 1222 2830 operam
1245 2754 1301 2813 im-

170 2858 300 2936 pendit?
331 2857 440 2929 Quid?
464 2857 547 2933 quod
562 2857 713 2916 Horatius
730 2856 854 2939 eosdem
870 2857 1096 2933 grammaticos,
1119 2859 1172 2932 qui
1189 2859 1301 2917 veteri-

170 2961 229 3021 bus
259 2963 359 3039 poetis
383 2959 547 3036 favebant,
578 2959 683 3020 illudit
714 2966 746 3019 et
775 2959 879 3018 odium
908 2961 940 3016 in
963 2979 1015 3019 eos
1038 2958 1201 3020 effundens
1224 2961 1302 3020 dicit

170 3062 210 3122 ad
232 3063 341 3123 horum
362 3063 478 3123 iudicia
500 3065 654 3140 respicere
681 3083 748 3122 esse
771 3061 852 3121 infra
875 3068 984 3138 poetae
1008 3063 1193 3139 dignitatem
1216 3066 1298 3142 posi-

170 3171 244 3242 tum,
267 3175 301 3226 ut
324 3186 370 3244 ep.
393 3166 410 3225 I
437 3168 483 3243 19,
505 3167 565 3225 40:

301 3268 389 3343 „Non
412 3290 470 3348 ego
493 3269 643 3329 nobilium
666 3270 850 3346 scriptorum
873 3267 997 3328 auditor
1019 3275 1051 3329 et
1074 3269 1157 3328 ultor

156 3437 160 3447 ,
299 3371 525 3433 Grammaticus
548 3371 664 3431 ambire
687 3371 788 3432 tribus
811 3377 843 3430 et
865 3372 987 3449 pulpita
1011 3372 1156 3450 dignor.“⁴

110 3495 114 3505 ·
170 3472 273 3545 Quid?
312 3476 395 3550 quod
432 3475 584 3534 Horatius
621 3475 689 3551 ipse
726 3476 757 3533 in
795 3476 864 3552 ipsa
901 3476 999 3534 satira
1037 3475 1155 3534 decima
1197 3497 1225 3534 v.
1261 3477 1302 3535 74

170 3575 262 3637 dicit:

782 3680 849 3754 „An
872 3687 927 3740 tua
950 3678 1075 3739 demens

345 3783 470 3844 Vilibus
492 3785 524 3841 in
547 3783 629 3842 ludis
653 3783 765 3843 dictari
789 3785 924 3844 carmina
946 3783 1077 3842 1001101ιι

171 3886 329 3958 Quomodo
352 3906 421 3945 cum
444 3886 493 3945 his
516 3884 653 3946 eiusdem
675 3888 789 3946 satirae
813 3887 917 3946 verbis
940 3886 1008 3946 laus
1024 3886 1077 3945 illa
1099 3886 1131 3944 in
1147 3887 1302 3963 prooemio

171 3988 281 4050 Catoni
317 3990 518 4066 grammatico
552 3989 671 4048 tributa
708 3990 878 4048 consociari
907 3991 1022 4066 possit,
1059 3990 1202 4066 equidem
1240 4009 1301 4046 non

170 4094 334 4170 perspicio.

256 4194 345 4266 Quod
375 4214 448 4255 vero
478 4194 634 4254 Lucienus
663 4194 832 4254 Muellerus
864 4201 971 4252 contra
999 4193 1057 4254 hoe
1088 4201 1302 4270 argumentum
