2956 4822
571 340 849 406 4„-

174 513 350 574 necessaria
371 531 433 572 non
456 519 536 590 sunt,
560 518 614 572 aut
637 512 775 573 recidere
803 519 858 571 aut
887 511 987 572 altera
1015 511 1193 572 recensione
1215 511 1303 570 illata

175 635 243 676 esse
259 614 378 692 opinari
394 615 480 693 velis,
503 613 596 674 facilc
612 616 821 692 digressiones
835 634 986 693 persaepe
1004 620 1092 692 potes
1107 615 1303 691 exstinguere

174 717 240 778 sine
263 718 325 777 ullo
342 716 466 792 quidem
489 717 711 777 sententiarum
726 716 920 794 detrimento,
942 717 997 778 sed
1020 737 1081 776 non
1104 720 1169 776 sine
1192 735 1303 793 magno

173 821 325 898 poematis
348 818 467 898 damno,
491 823 578 880 cuius
595 821 674 880 bona
695 840 767 898 pars
782 822 957 881 venustatis
980 822 1012 879 in
1029 820 1177 896 episodiis
1199 817 1302 896 posita

175 931 230 982 est.
274 922 402 982 Poetam
424 928 527 981 autem
549 932 621 1001 post
644 923 723 983 hanc
745 922 939 983 interiectam
959 921 1180 999 digressionem
1202 940 1302 997 neque

174 1024 279 1103 inepte
308 1044 408 1100 neque
437 1030 553 1085 temere
584 1024 700 1085 additis
730 1026 872 1086 versibus
903 1026 940 1084 91
966 1032 998 1084 et
1020 1027 1060 1085 92
1092 1024 1131 1084 ad
1161 1024 1302 1083 inimicos

173 1147 330 1187 recurrere
374 1126 466 1187 finem
509 1127 602 1188 simul
646 1128 719 1188 huic
763 1130 877 1188 satirae
920 1127 1150 1205 impositurum,
1199 1127 1301 1202 ipsum

173 1231 360 1311 Muellerum
383 1250 504 1306 quoque
527 1230 695 1290 concedere
718 1231 859 1290 arbitror.

258 1351 277 1429 ξ
301 1351 351 1409 25.
394 1351 498 1426 Atque
529 1350 604 1409 haec
638 1350 762 1427 quidem
784 1352 943 1410 hactenus.
987 1350 1154 1426 Reliquum
1176 1361 1231 1427 est,
1263 1358 1298 1408 ut

172 1474 320 1513 summam
342 1451 493 1512 faciamus
516 1473 629 1530 eorum,
652 1474 731 1529 quae
753 1453 878 1514 uberius
901 1452 1105 1530 exposuimus.
1151 1452 1301 1514 Videmus

172 1567 276 1615 autem
311 1556 401 1614 nobis
438 1557 628 1631 argumentis
665 1557 877 1633 probabilibus
917 1555 1159 1632 demonstrasse,
1200 1575 1299 1632 neque

172 1661 284 1718 tertiae
306 1658 421 1718 satirae
443 1657 546 1717 inesse
561 1678 660 1734 neque
677 1657 813 1719 decimae
835 1657 927 1736 primi
949 1658 1030 1735 libri,
1053 1679 1131 1734 quae
1154 1679 1172 1717 a
1193 1658 1298 1736 primi·

171 1761 262 1838 genia
293 1760 393 1821 forma
427 1769 475 1820 sat
476 1760 591 1820 irarum
623 1755 810 1822 abhorreant
847 1772 878 1822 et
914 1760 1144 1821 retractationis
1178 1760 1298 1819 demum
1336 1795 1338 1797 -

172 1865 332 1924 occasione
361 1863 479 1924 inserta
509 1863 581 1941 sint,
610 1863 702 1925 immo
732 1863 794 1941 illa,
826 1865 961 1940 quaeL
984 1864 1152 1924 Muellerus
1174 1868 1256 1922 tract
1243 1869 1298 1936 t,at

170 1974 224 2024 aut
245 1984 411 2040 numquam
426 1966 590 2024 coniuncta
612 1964 709 2026 fuisse
732 1986 802 2026 cum
824 1966 1005 2026 Horatianis
1029 1966 1220 2026 carminibus
1244 1972 1298 2025 aut

172 2067 278 2127 statim
301 2067 340 2127 ab
363 2067 451 2127 initio
467 2065 564 2127 fuisse
580 2067 752 2132 coniuncta.
798 2067 1030 2140 Quod's1recte
1052 2070 1097 2128 ita
1118 2068 1298 2146 iudicamus,

168 2171 299 2229 multum
331 2170 502 2229 lucramur:
538 2191 610 2229 nam
643 2190 748 2230 omnes
781 2171 820 2232 de
857 2173 1048 2249 temporibus
1082 2170 1297 2246 inquisitiones

169 2291 266 2331 vanae
290 2278 401 2349 essent,
424 2271 451 2332 si
472 2272 527 2331 illa
549 2271 681 2332 Luciani
696 2272 839 2333 Muelleri
861 2273 1016 2334 sententia
1038 2280 1144 2333 staret.
1187 2273 1297 2333 Multis

170 2373 250 2433 enim
280 2373 357 2434 locis
387 2373 614 2452 dubitaremus,
653 2375 691 2436 de
721 2396 781 2451 quo
812 2381 950 2453 tempore
980 2374 1179 2452 cogitandum
1206 2384 1297 2435 esset.

169 2475 236 2534 Has
259 2475 469 2537 dubitationes
491 2485 626 2538 remotas
649 2497 717 2538 esse
740 2477 868 2538 confido.
