2956 4822
641 291 851 356 „14-

266 552 268 555 .
502 461 605 541 „Quid
627 461 779 522 militibus
801 465 954 540 promissa
977 461 1143 540 Triquetra

304 567 438 627 Praedia
461 565 577 626 Caesar
598 586 639 625 an
661 574 710 626 cst
731 564 813 625 Itala
836 563 947 624 tellure
970 564 1141 625 daturus?“

175 703 237 764 Hic
271 704 309 765 de
339 703 400 764 alia
413 702 441 784 ¹)
465 722 608 781 agrorum
640 702 793 762 divisione
816 699 947 777 cogitari
973 720 1035 761 non
1056 709 1161 780 potest
1182 701 1244 763 nisi
1270 689 1314 809 dp'

170 825 219 884 ea,
243 805 429 883 quaefacta
451 812 500 866 est
521 815 593 885 post
622 825 759 884 pugnarn
781 803 950 864 Actiacam.
994 803 1076 863 Nam
1100 824 1169 865 cum
1191 804 1314 866 Caesar

175 917 208 970 et
229 909 279 970 sui
302 918 334 970 et
356 908 527 969 Antoniani
550 911 705 969 exercitus
734 917 899 968 veteranos
928 905 960 965 in
989 905 1114 967 Italiam
1129 906 1313 968 'dimisisset

171 1011 279 1088 eisque
302 1007 394 1089 agros
416 1015 613 1090 praemiaque
636 1010 789 1090 promissa
811 1011 947 1071 nondum
970 1010 1117 1089 dedisset,
1138 1010 1172 1093 hi
1186 1017 1312 1071 tantam

171 1113 357 1174 seditionem
391 1122 562 1193 moverunt,
596 1124 632 1176 ut
664 1115 779 1175 Caesar
812 1113 975 1175 desideriis
997 1097 1159 1197 legionum‘
1176 1113 1312 1190 obsequi

173 1225 345 1294 cogeretur.
390 1217 468 1279 Cum
502 1238 590 1295 ver0,
626 1238 686 1295 quo
721 1225 859 1294 tempore
890 1217 1038 1277 Horatius
1068 1216 1148 1277 hanc
1177 1216 1312 1276 satiram

169 1318 309 1403 scripsit,
332 1310 501 1382 etiamtunc
523 1320 749 1397 ambigeretur,
780 1327 885 1380 utrum
914 1319 1029 1381 Caesar
1050 1318 1179 1398 praedia
1200 1317 1312 1379 Sicula

170 1442 211 1481 an
233 1422 315 1482 Itala
336 1428 492 1485 veteranis
514 1423 777 1484 tumultuantibus
801 1422 930 1483 daturus
961 1428 1054 1501 essct,
1083 1421 1239 1499 sequitur,
1272 1427 1312 1481 ut

172 1525 249 1585 haec
279 1525 376 1586 satira
405 1535 471 1588 tum
504 1526 623 1604 scripta
656 1525 712 1603 sit,
747 1546 815 1586 cum
845 1524 961 1586 Caesar
990 1524 1141 1586 militibus
1169 1523 1311 1584 nondum

170 1625 384 1705 satisfecisset,
407 1629 426 1688 i.
449 1650 474 1689 e.
497 1629 557 1689 sub
579 1627 672 1688 finem
695 1628 768 1688 anni
784 1628 854 1687 723.
885 1628 989 1705 Atque
1006 1647 1075 1687 cum
1090 1627 1149 1686 hoc
1164 1635 1310 1705 tempore

174 1729 289 1808 optime
312 1731 466 1807 convenit,
496 1731 579 1808 quod
601 1750 694 1791 versu
717 1731 758 1790 38
781 1733 931 1808 scriptum
955 1738 1018 1790 est:
1050 1729 1224 1809 „imprimat
1247 1728 1309 1807 his,

170 1853 254 1911 cura,
277 1833 442 1894 Maecenas
465 1837 555 1910 signa
577 1832 729 1893 tabellis‘·
773 1832 897 1892 Etenim
928 1832 1119 1893 Octavianus
1141 1831 1309 1894 victoriam

171 1933 332 1997 Actiacam
347 1937 487 2015 adeptus,
503 1937 576 1997 dum
591 1937 659 2015 ipsc
675 1937 715 1996 ab
731 1936 823 1997 Italia
839 1937 972 2014 abesset,
987 1937 1162 1997 Maecenati
1177 1935 1308 1994 anulum

171 2059 261 2099 suum
283 2039 487 2116 signatorium
509 2060 571 2099 una
603 2059 672 2100 cum
706 2037 902 2116 praefectura
924 2038 1036 2099 Italiae
1060 2037 1308 2115 commiserat2).

172 2140 240 2217 His,
264 2161 343 2218 quae
367 2141 536 2219 attulimus,
558 2141 748 2219 argumentis
763 2144 888 2202 satiram
906 2148 977 2218 post
992 2162 1126 2219 pugnam
1142 2144 1307 2202 Actiacam

169 2252 203 2303 et
226 2242 349 2319 quidem
372 2243 498 2303 labente
521 2263 601 2303 anno
624 2265 652 2304 u.
676 2264 701 2304 c.
725 2246 786 2303 723
810 2264 878 2305 esse
901 2244 1050 2322 scriptam
1072 2251 1209 2323 apparet

257 2361 395 2423 Definito
418 2383 491 2423 vero
514 2369 652 2442 tempore
679 2362 771 2424 huius
793 2367 908 2424 satirae
923 2362 1017 2423 facile
1032 2368 1177 2441 cognosci
1191 2371 1307 2442 potest,

169 2465 294 2542 quando
328 2465 477 2525 Horatius
511 2469 543 2525 in
577 2466 767 2526 Maecenatis
800 2465 1044 2527 familiaritatem
1077 2474 1221 2544 receptus
1252 2467 1305 2528 sit.

172 2567 259 2627 Dicit
282 2567 362 2627 enim
385 2575 485 2646 poeta,
509 2577 544 2629 ut
566 2589 661 2645 supra
684 2573 889 2646 exposuimus,
905 2589 998 2629 versu
1015 2571 1058 2629 40
1073 2571 1164 2630 huius
1180 2570 1304 2648 satirae,

170 2674 335 2746 septimum
359 2680 468 2731 octavo
491 2675 665 2749 propiorem
686 2691 800 2731 annum
824 2671 884 2730 iam
908 2670 1035 2750 fugisse,
1051 2692 1089 2731 ex
1105 2693 1165 2750 quo
1181 2673 1304 2734 Maece·

168 2792 227 2832 nas
250 2771 281 2831 in
311 2791 437 2831 numero
468 2793 593 2833 suorum
627 2793 661 2834 se
690 2773 805 2833 habere
829 2773 973 2850 coeperit.
1017 2772 1174 2852 Septimus
1197 2782 1303 2835 autem

169 2893 269 2933 annus
292 2881 402 2934 octavo
425 2879 551 2952 propior
574 2895 642 2935 cum
665 2875 745 2935 alius
769 2895 836 2935 esse
859 2896 920 2936 non
943 2879 1043 2953 possit
1063 2898 1154 2954 quam
1170 2878 1224 2955 qui
1239 2881 1301 2938 iam

169 2976 274 3053 vergit
296 2976 336 3035 ad
359 2976 483 3052 exitum,
518 2987 553 3037 ut
575 2982 617 3039 sit
646 2978 803 3055 proximus
837 2979 939 3038 octavi
962 2980 1059 3056 initio,
1081 3014 1123 3025 -
1146 2979 1200 3039 alii
1221 2978 1301 3041 falso

170 3077 417 3156 interpretantur
440 3100 554 3139 annum
588 3088 731 3140 octavum
761 3101 857 3158 prope
881 3091 1040 3158 peractum
1066 3119 1102 3126 —
1127 3082 1301 3162 incidimus,

170 3184 198 3241 ei
228 3190 347 3258 septem
381 3202 478 3242 annos
511 3202 607 3260 prope
638 3183 761 3260 elapsos
795 3184 835 3243 ab
866 3204 946 3244 anno
978 3186 1039 3244 723
1063 3191 1194 3244 exeunte
1216 3193 1300 3245 retro

170 3303 373 3360 numeramus,
396 3283 429 3343 in
451 3283 543 3343 finem
566 3285 638 3345 anni
671 3287 731 3343 716
755 3293 809 3345 aut
834 3287 895 3345 717
925 3281 1056 3346 initium.
1101 3287 1167 3347 Nec
1196 3295 1301 3348 tamen

168 3385 277 3443 statim
299 3386 471 3463 Maecenas,
495 3386 606 3463 dignos
629 3407 785 3447 assumere
815 3389 906 3448 valde
930 3398 1048 3465 cautus,
1078 3388 1111 3448 in
1133 3389 1301 3449 amicorum

170 3506 330 3546 numerum
352 3508 422 3548 eum
443 3490 570 3567 recepit.
615 3489 698 3561 Quas
729 3510 778 3551 res
808 3500 900 3568 poeta
934 3491 1000 3569 ipse
1023 3512 1141 3551 summa
1164 3493 1301 3553 colorum

254 3725 279 3790 1)
298 3723 413 3777 Bentleii
431 3726 603 3791 sententiam,
620 3725 668 3795 qui
685 3728 802 3794 censuit,
826 3727 872 3781 hic
896 3727 930 3782 de
951 3744 1077 3797 agrorum
1096 3727 1230 3784 divisione
1247 3729 1301 3800 agi,

164 3825 240 3877 quae
258 3814 321 3878 poet
339 3807 458 3863 Siculam
478 3827 495 3864 a
507 3809 638 3881 Pompeio
650 3817 816 3882 reportatam
829 3812 971 3867 victoriam
984 3819 1011 3867 ct
1023 3813 1121 3883 Lepidi
1133 3813 1300 3870 deditionem

169 3893 199 3946 in
218 3892 370 3963 Campania
388 3895 507 3964 alibique
524 3895 599 3950 facta
615 3901 665 3963 est,
683 3897 775 3952 reiecit
792 3898 1021 3952 Kirchnerus
1039 3899 1066 3952 in
1085 3906 1181 3969 quaest
1199 3900 1299 3955 Horat

54 4030 64 4055 0
170 3996 197 4048 p.
217 3979 257 4032 19.
293 3979 323 4033 ei
341 3979 414 4032 enim
433 3979 548 4034 Bentleii
573 3982 735 4036 sententiam
762 3999 949 4053 sequeremur,
978 3984 1128 4038 Horatium
1154 3985 1299 4040 confestim

170 4069 233 4134 post
250 4081 372 4135 pugnam
390 4063 596 4135 Philippensem
615 4067 781 4122 Maecenatis
799 4068 947 4122 amicitiam
966 4068 1096 4140 adeptum
1115 4088 1174 4125 esse
1191 4088 1301 4127 necesse

162 4148 248 4215 foret,
266 4149 295 4203 id
312 4149 386 4220 quod
404 4151 550 4206 manifesto
571 4152 673 4206 falsum
697 4159 745 4208 ast.

255 4251 282 4319 2)
301 4251 377 4306 (lass.
395 4253 451 4308 Dio
469 4253 509 4306 Li
528 4256 553 4321 3,
571 4255 642 4309 Plin.
654 4255 719 4310 Nat.
733 4256 809 4310 Hist.
822 4256 971 4312 XXXVII
985 4260 1010 4323 4,
1028 4258 1091 4313 Tac.
1113 4259 1186 4312 Ann.
1199 4259 1242 4313 VI
1256 4261 1298 4314 11.
