2956 4822
635 265 827 329 -4..

170 436 235 497 suis
258 437 388 513 quisque
420 434 469 495 usi
499 435 673 495 rationibus
695 455 753 495 nec
775 435 814 496 de
837 435 980 497 omnibus
1004 455 1040 495 ac
1062 432 1194 512 singulis
1216 433 1302 493 inter

170 557 204 598 se
220 537 447 598 consentientes
462 545 637 616 poematum
652 543 792 616 tempora
807 544 1029 614 tractaverunt,
1041 539 1158 616 primus
1174 537 1300 597 Bent-

170 640 280 700 leius
296 639 422 718 egregia
437 660 497 716 qua
519 639 633 717 polluit
655 638 799 700 doctrina
821 650 853 702 et
878 640 988 701 iudicii
1010 640 1185 701 subtilitate
1208 659 1301 716 quae-

171 743 304 803 stionem
326 741 366 802 de
388 741 493 802 satiris
522 741 555 801 in
577 740 771 820 praefatione
794 743 940 804 editionis
963 743 1153 805 Horatianae
1176 741 1299 819 (Canta-

171 845 251 923 brig.
267 865 293 905 1.
311 845 404 922 1711)
420 845 465 904 111
480 844 625 922 instituit,
647 852 683 903 ut
704 865 767 904 non
781 845 922 923 singulas
938 845 1059 922 satiras,
1082 844 1138 905 sed
1160 845 1304 922 singulos

171 948 268 1010 libros
284 946 466 1025 singillatim
489 946 522 1006 in
543 946 644 1006 lucem
663 946 816 1024 prodiisse
838 947 958 1009 diceret
980 953 1011 1008 et
1033 947 1166 1026 priorem
1188 948 1302 1007 librum

173 1051 262 1112 annis
286 1051 469 1126 715-717,
502 1048 704 1127 posteriorem
726 1050 891 1115 intervallo
918 1053 1012 1110 trium
1033 1049 1130 1110 ferme
1153 1069 1303 1109 annorum

172 1153 335 1214 interiecto
368 1151 456 1212 annis
487 1153 550 1211 720
565 1153 669 1212 -722
703 1154 895 1213 attribueret.
948 1153 1035 1213 Haec
1067 1152 1204 1213 Bentleii
1220 1136 1302 1212 sen·

172 1259 271 1316 tentia
294 1254 348 1315 diu
370 1254 410 1314 ab
439 1253 580 1315 omnibus
602 1251 668 1314 fere
691 1253 914 1333 interpretibus
936 1275 1049 1333 magna
1079 1257 1146 1314 eius
1171 1255 1307 1314 nominis

174 1358 360 1419 auctoritate
388 1356 548 1418 commotis
577 1377 633 1436 pro
664 1377 738 1417 vera
766 1366 896 1437 accepta
926 1365 990 1436 est,
1027 1357 1089 1418 nisi
1119 1357 1201 1433 quod
1229 1377 1304 1417 non·

174 1461 253 1522 nulli
279 1460 354 1539 viri,
380 1464 413 1519 in
443 1481 571 1537 quorum
594 1479 721 1520 numero
750 1460 902 1539 imprimis
933 1460 1174 1522 Sanadonus
1187 1462 1223 1538 ¹),
1255 1463 1308 1520 vir

176 1564 284 1626 critica
299 1562 473 1624 subtilitate
489 1583 599 1642 parum
613 1563 781 1645 praeditus,
804 1563 1010 1624 nominandus
1033 1569 1089 1640 est,
1112 1563 1305 1640 singularum

175 1666 340 1728 satirarum
373 1674 513 1745 tempora
555 1666 605 1725 hic
643 1666 708 1725 illic
744 1667 836 1726 aliter
866 1673 959 1743 atque
989 1666 1150 1727 Bentleius
1189 1666 1303 1727 consti·

176 1777 311 1831 tucrunt.·
352 1768 423 1829 Hoc
450 1768 574 1828 demum
595 1768 719 1829 soeculo
744 1769 880 1828 Bentleii
901 1772 1044 1846 rationes,
1077 1789 1146 1829 cum
1169 1768 1222 1828 alii
1245 1767 1306 1826 viri

177 1871 261 1937 docti
275 1869 466 1932 labefactare
490 1878 522 1930 et
537 1870 659 1932 abicere
682 1870 867 1949 coepissent,
889 1874 1022 1932 maxime
1044 1871 1308 1931 Kirohnerus

176 1980 209 2037 in
239 1973 473 2052 quaestionibus
504 1972 685 2033 Horatianis
701 1976 728 2049 ⁹)
751 1973 958 2052 improbavit,
989 1974 1057 2051 qui,
1095 1994 1164 2034 eum
1192 1972 1309 2034 satiras

177 2097 239 2138 non
260 2077 343 2137 intra
364 2082 491 2154 septem,
514 2075 570 2136 sed
593 2079 675 2135 intra
695 2075 844 2136 tredecim
868 2078 1306 2156 11111111(713-726)111·

176 2180 277 2241 minos
292 2178 513 2256 constituisset,
529 2179 626 2240 libros
650 2198 712 2238 non
734 2178 903 2257 separatim
926 2186 980 2239 aut
996 2179 1091 2240 variis
1107 2180 1307 2258 temporibus,

179 2283 235 2343 sed
257 2282 392 2344 secundo
414 2281 494 2341 libro
518 2302 598 2342 anno
623 2283 683 2342 726
708 2280 747 2341 ad
769 2280 861 2342 finem
883 2282 1035 2360 perducto
1056 2283 1115 2344 hoc
1137 2287 1205 2362 ipso
1228 2303 1307 2343 anno

178 2385 270 2447 simul
307 2388 435 2444 emissos
468 2403 537 2444 esse
576 2386 706 2444 censuit.
757 2384 834 2446 Post
863 2383 1072 2445 Kirohnerum
1103 2395 1207 2447 autem
1246 2384 1308 2446 dis·

180 2487 378 2566 quisitionem
410 2485 681 2563 diligentissimam
712 2491 744 2545 et
773 2485 1007 2546 subtilissimum
1031 2486 1247 2548 Frankius
1270 2489 1311 2548 de

181 2590 287 2651 eadem
309 2609 342 2649 re
365 2588 483 2663 habuit,
506 2589 560 2666 qui
578 2608 683 2648 omnes
705 2587 771 2648 fere
794 2587 932 2649 eruditos
954 2589 995 2649 ad
1016 2609 1089 2650 suas
1111 2598 1217 2668 partes
1240 2610 1310 2668 per-

181 2697 284 2755 traxit.
328 2692 361 2752 ls
390 2693 472 2752 enim
501 2695 534 2751 in
555 2691 635 2751 libro
658 2692 712 2768 illq
735 2692 1020 2770 praestantissimo,
1052 2691 1105 2768 qui
1126 2692 1313 2753 inscribitur

185 2796 277 2872 „fasti
316 2794 499 2854 Horatiani“
514 2793 559 2871 ³),
611 2796 728 2854 reiecta
764 2793 930 2853 Kirohneri
978 2797 1133 2854 sententia
1174 2794 1311 2855 ostendit

182 2899 366 2978 singillatim
398 2902 430 2956 et
463 2897 587 2959 diverso
621 2904 759 2975 tempore
790 2897 888 2957 libros
912 2895 1050 2958 emisisse
1073 2905 1196 2975 poetam
1218 2905 1314 2974 atque

182 3021 357 3065 sermonum
371 2999 485 3060 librum
500 3003 634 3078 priorem
650 3020 730 3059 anno
753 3021 781 3060 u
798 3001 860 3059 719
877 3000 931 3066 (35
947 3020 973 3060 a.
989 2998 1073 3078 chr.)
1089 3001 1139 3062 vel
1161 3000 1312 3080 sequenti,

185 3103 388 3185 posteriorem
411 3123 490 3163 anno
514 3124 543 3163 u.
561 3104 623 3163 724
646 3103 741 3182 (301.
757 3103 840 3179 Chr.)
863 3103 983 3181 publici
1005 3103 1082 3164 iuris
1104 3102 1223 3165 factum
1245 3125 1314 3166 esse

184 3208 298 3268 docuit.
364 3207 440 3266 Post
478 3205 649 3266 Frankium
686 3206 776 3266 multi
814 3206 869 3266 alii
905 3206 965 3265 viri
1003 3206 1087 3268 docti
1124 3206 1163 3267 de
1200 3207 1312 3268 satira-

186 3331 254 3370 rum
277 3309 470 3387 temporibus
493 3309 664 3370 sententias
686 3310 890 3387 protulerunt.
934 3308 982 3369 De
1006 3330 1066 3386 qua
1094 3330 1129 3370 re
1155 3309 1317 3388 disputare

184 3412 284 3473 fusius
327 3432 407 3471 nunc
451 3432 512 3472 non
564 3412 659 3488 libet;
705 3410 841 3471 sufficiet
892 3409 1003 3471 afferre
1048 3411 1224 3490 opinionem
1261 3395 1312 3470 W.

186 3514 295 3576 Teuf
299 3513 316 3574 f
322 3513 394 3574 elii
406 3513 444 3590 4),
468 3514 520 3590 qui
537 3515 643 3574 eadem
659 3516 839 3591 quaestione
855 3515 954 3573 denuo
970 3514 1115 3574 instituta
1129 3512 1162 3572 in
1184 3513 1314 3572 Frankii

274 3752 298 3816 1)
318 3748 368 3802 Ed.
387 3748 488 3802 Horat.
506 3748 593 3803 Paris.
613 3747 680 3802 1728
698 3747 729 3801 II
748 3747 800 3801 vol.
819 3754 846 3801 et
866 3747 932 3801 1756
949 3745 1025 3800 VIII
1045 3746 1097 3800 vol.

273 3834 300 3903 2)
320 3833 501 3900 Quaestiones
520 3832 702 3897 Horatianos,
720 3831 879 3900 Numburgi
898 3830 973 3885 1834„
1143 3844 1146 3851 ·

273 3915 300 3989 3)
318 3919 396 3973 Fasti
410 3917 568 3972 Horatiani.
591 3917 700 3986 scripsit
723 3916 873 3970 Carolus
891 3915 1036 3972 Franks.
1071 3916 1185 3972 Acoedit
1202 3919 1317 3989 epistola

189 4005 311 4061 Caroli
330 4002 560 4058 Lachmanni.
583 4002 672 4057 Berol.
692 4001 767 4056 1839.

276 4093 304 4149 4)
328 4089 373 4143 W.
399 4087 551 4153 Teuffel,
583 4087 656 4141 Mus.
688 4085 777 4141 Rhen.
812 4092 878 4141 tom.
905 4087 949 4142 IV
975 4103 1000 4141 a.
1029 4087 1095 4144 1846
1125 4104 1152 4158 p.
1177 4090 1320 4155 93-119,

188 4174 333 4230 208-241.
