2956 4822
595 243 805 332 -m-

129 433 266 492 pugnam
281 413 515 491 Philippensem
530 413 562 473 in
578 413 702 473 Italiam
723 413 868 474 reducem
883 419 1069 491 paupertate
1092 411 1261 472 adductum

130 535 239 578 versus
262 515 365 577 facere
388 515 528 594 coepisse
550 513 669 576 fatetur
691 515 739 576 his
761 516 887 577 verbis:

302 636 410 712 „Unde
432 634 524 696 umal
547 639 679 713 primum
702 656 750 696 me
773 635 925 696 demisere
946 635 1093 712 Philippi,

301 739 424 799 Deeisis
447 737 594 798 humilem
616 738 726 816 pennis
748 741 934 818 inopemque
957 737 1079 816 paterni

302 841 343 902 Et
364 841 439 903 laris
462 849 494 901 et-
516 840 605 902 fundi
627 849 795 920 paupertas
817 842 942 920 impulit
964 841 1073 918 audax,

304 944 348 1005 Ut
370 964 479 1006 versus
501 943 636 1005 facerem
659 991 785 1005 .....
788 947 803 979 “

132 1072 164 1125 et
186 1063 429 1125 consideraveris
451 1066 584 1141 primum
606 1064 771 1125 Horatium
794 1065 834 1124 ad
857 1063 1001 1125 satiricos
1024 1081 1180 1124 sermones
1197 1059 1266 1120 ant.

132 1187 215 1226 mum
230 1166 395 1245 appulisse,
417 1165 511 1227 facile
534 1167 699 1227 concludes
723 1168 803 1228 hane
825 1170 953 1227 satiram
974 1187 1037 1227 non
1060 1164 1156 1225 multo
1179 1168 1267 1242 post.

132 1290 225 1345 quam
254 1276 347 1347 poeta
377 1290 415 1330 ex
446 1290 551 1348 pugna
579 1269 776 1348 Philippensi
798 1270 928 1330 Romam
957 1268 1086 1330 redierit
1115 1269 1266 1346 composi.

134 1379 199 1432 tam
222 1391 300 1433 esse.

217 1474 322 1552 Atque
352 1475 499 1536 maiorem
526 1476 682 1552 quandam
711 1475 964 1554 probabilitatem
986 1473 1063 1534 haec
1087 1475 1265 1535 coniectura

133 1576 208 1638 inde
240 1581 435 1656 assequitur,
469 1577 551 1655 quod
579 1565 677 1657 'poeta
713 1578 747 1639 in
776 1578 835 1638 hac
864 1576 963 1638 satira
992 1577 1110 1637 nullam
1140 1575 1264 1636 omnino

134 1680 327 1741 Maecenatis
360 1683 546 1742 mentionem
576 1680 661 1742 facit.
714 1680 907 1758 Quamquam
937 1683 1019 1740 enim
1041 1677 1125 1739 haud
1146 1681 1265 1756 ignoro,

135 1782 211 1843 haec
228 1787 420 1861 ‘argumenta
436 1805 474 1844 ex
487 1784 620 1845 silentio'
636 1804 714 1862 quae
730 1792 888 1861 vocantur,
902 1784 1084 1861 plerumque
1100 1781 1267 1841 admodum

135 1884 257 1945 infirma
288 1907 372 1966 esse,
405 1894 509 1947 tamen
539 1886 573 1947 id
602 1886 660 1947 hoo
691 1887 758 1947 loco
790 1885 909 1962 aliquid
933 1887 1037 1947 valere
1059 1892 1152 1964 puto,
1183 1883 1266 1961 quod

132 1988 282 2049 Horatius
305 1990 505 2068 temporibus,
529 1989 642 2066 quibus
659 1989 852 2051 Maecenatis
874 1988 1090 2048 familiaritate
1106 1987 1265 2064 utebatur,

134 2111 287 2167 nusquam
316 2092 374 2154 hoc
403 2092 494 2152 modo
524 2097 558 2153 in
591 2113 643 2152 eos
667 2093 900 2168 debacchatur,·
915 2094 969 2168 qui
992 2111 1061 2150 eum
1083 2090 1266 2151 Maecenate

136 2195 275 2271 stabant,
305 2196 361 2255 sed
384 2197 499 2271 ubique
521 2194 604 2254 intra
626 2193 832 2255 verecundiae
854 2193 932 2255 fines
955 2213 989 2254 se
1011 2192 1149 2254 continet
1172 2200 1267 2269 atque

135 2297 237 2357 faceto
260 2318 400 2358 sermone
421 2301 530 2357 utitur.

222 2400 280 2460 Oui
302 2400 470 2479 suspicioni
493 2399 586 2460 etiam
608 2400 667 2461 hoc
689 2400 783 2477 favet,
814 2398 897 2477 quod
926 2397 1063 2461 secunda
1085 2397 1183 2459 satira
1204 2418 1269 2459 non

136 2503 236 2562 solum
259 2509 331 2563 ante
353 2503 488 2583 tertiam,
511 2503 676 2564 sedetiam
693 2511 765 2563 ante
781 2511 922 2580 quartam
938 2510 970 2561 et
985 2500 1135 2561 decimam
1150 2503 1271 2579 scripta

137 2614 192 2667 est.
238 2606 410 2666 Secundam
434 2606 515 2667 enim
537 2606 624 2685 prius
648 2627 740 2684 quam
763 2612 905 2682 quartam
920 2607 1049 2664 satiram
1065 2603 1268 2683 compositam

137 2729 205 2769 esse
227 2710 472 2771 luculentissime
494 2717 625 2788 apparet
647 2729 685 2768 ex
708 2729 752 2786 eo,
785 2709 868 2786 quod
890 2708 985 2768 verba
1014 2709 1096 2785 eius,
1126 2726 1205 2784 quae
1235 2707 1268 2766 in

137 2832 230 2872 versu
261 2815 301 2872 27
332 2818 473 2890 exstant,
497 2812 657 2890 „pastillos
680 2811 813 2872 Rufillus
837 2812 907 2888 olet,
931 2810 1107 2888 Gorgonius
1129 2809 1268 2871 hircum“

137 2914 170 2973 in
194 2925 304 2990 quarta
333 2917 429 2975 satire
459 2917 500 2994 (v.
523 2917 562 2974 91
588 2919 665 2992 sqq.)
700 2915 839 2975 consulto
871 2921 1064 2992 repetuntur.
1108 2913 1272 2973 Decimam

138 3024 242 3076 antem
263 3016 407 3094 satiram,
440 3037 519 3094 quae
551 3017 666 3078 iudicio
696 3021 728 3076 in
763 3025 873 3094 quarta
902 3017 1023 3095 prolato
1045 3003 1272 3094 patrocinatur,

137 3126 210 3196 post
232 3119 399 3178 secundam
421 3119 536 3179 litteris
560 3119 772 3197 consignatam
796 3139 864 3180 esse
887 3139 926 3179 ex
947 3119 1006 3177 hac
1027 3117 1095 3196 ipsa
1109 3137 1143 3176 re
1159 3117 1268 3179 elucet.

139 3219 253 3280 Omnes
276 3240 348 3281 vero
372 3230 492 3282 ceteras
514 3222 626 3282 satiras
639 3220 667 3298 1)
690 3232 761 3300 post
784 3222 951 3282 secundam
973 3221 1089 3280 litteris
1104 3218 1268 3280 mandatas

139 3344 207 3385 esse
229 3323 302 3383 iude
335 3322 475 3402 apertum
509 3333 572 3401 est,
604 3322 685 3400 quod
713 3323 858 3384 artiorem
880 3321 1070 3383 Maecenatis
1093 3331 1124 3381 et
1146 3322 1270 3383 Horatii

139 3426 381 3487 familiaritatem
404 3427 548 3504 produnt.

224 3530 291 3590 Iam
321 3549 394 3590 vero
425 3532 485 3590 etsi
516 3530 555 3589 ad
587 3529 733 3589 amussim
756 3528 877 3590 definiri
900 3527 1015 3606 nequit,
1046 3548 1106 3603 quo
1128 3536 1269 3606 tempore

139 3632 289 3692 Horatius
312 3633 437 3693 satiram
463 3631 630 3693 secundam
659 3630 835 3709 confecerit,
858 3638 962 3691 tamen
984 3630 1098 3692 limites
1121 3631 1270 3708 quosdam

141 3740 336 3812 augustiores
359 3736 454 3796 statui
476 3755 568 3814 posse
592 3754 711 3795 censeo.
756 3734 833 3794 Cum
856 3738 937 3794 enim
963 3734 1059 3795 satira
1081 3738 1148 3795 sine
1171 3735 1268 3796 dubio

81 3876 85 3897 .
139 3837 173 3896 in
204 3857 330 3898 numero
363 3838 531 3915 primorum
564 3844 675 3916 poetae
709 3835 827 3897 fetuum
860 3836 1002 3897 ducenda
1035 3838 1077 3898 sit
1111 3840 1142 3897 in
1173 3857 1271 3914 eaque

140 3939 290 4001 Horatius
312 3940 409 4000 multo
432 3940 573 4001 vivacius
596 3950 628 4000 et
650 3941 863 4001 vehementius
887 3961 977 4016 quam
1000 3943 1032 3999 in
1055 3940 1167 4001 ceteris
1190 3939 1272 4000 iudi«

228 4157 254 4224 1)
273 4154 392 4210 Satiram
410 4158 554 4228 septimam
572 4176 681 4229 quoque
697 4164 760 4230 post
780 4158 929 4214 secundam
947 4163 1088 4214 exaratam
1100 4176 1158 4214 esee
1171 4176 1272 4230 magna

140 4256 205 4296 eum
222 4240 415 4312 probabilitate
433 4242 527 4298 docuit
544 4243 737 4315 Kiesslingiua
