2956 4822
629 306 841 370 „19-

164 485 275 557 poetae
299 482 429 536 mortem
451 495 519 536 esse
542 480 729 555 suspicatur.
773 476 933 558 Necuvero
957 477 1087 537 multum
1111 478 1150 537 ab
1173 478 1222 537 his
1240 476 1302 539 dis·

161 586 295 660 crepant
324 579 724 656 Morgensternius1)
757 585 788 639 et
811 579 1078 660 Frankiusl),
1111 581 1149 641 de
1172 602 1301 657 quornm

160 683 339 758 sententiis,
362 701 441 759 qnae
464 702 533 741 cum
556 682 687 742 Luciani
709 682 854 742 Muelleri
876 683 1051 743 rationibus
1074 685 1300 761 quodammodo

161 795 317 865 cognatae
340 792 421 862 sunt,
444 783 526 844 infra
549 784 726 845 accuratius
749 768 949 845 iudicandum
973 789 1041 846 erit.

253 922 474 999 Progredimur
496 942 577 982 nunc
601 921 642 980 ad
665 922 787 999 alteros,
819 922 871 998 qui
902 926 1090 981 contrariam
1112 927 1299 984 sententiam

166 1026 363 1104 protulerunt
394 1030 426 1084 et
457 1024 535 1084 illud
575 1028 763 1101 prooemium
795 1024 833 1084 ab
872 1024 1003 1083 Horatio
1034 1013 1299 1086 abiudicaverunt.

163 1128 266 1200 ¹(luam
281 1130 469 1188 sententiam
481 1128 622 1204 amplexa
638 1133 686 1187 est
702 1129 834 1185 maxima
847 1146 919 1204 pars
931 1126 1144 1204 interpretum.
1176 1128 1299 1189 Primus

163 1237 270 1304 autem
286 1230 344 1289 hoc
360 1230 435 1306 locO,
458 1235 493 1288 ut
509 1236 646 1307 tempore
662 1228 778 1307 primus
795 1227 864 1306 fuit,
888 1228 1018 1306 prodeat
1033 1229 1249 1290 Lambinus
1262 1228 1300 1308 3),

166 1338 220 1411 qui
242 1344 307 1393 tam
322 1332 522 1392 vehementer
545 1332 705 1391 exordium
727 1331 786 1391 hoc
808 1330 982 1391 insectatus
1006 1337 1062 1408 est,
1086 1338 1121 1390 ut
1143 1351 1221 1409 eum,
1245 1329 1299 1408 qui

163 1436 222 1496 hos
253 1455 314 1494 non
343 1435 465 1496 videret
493 1455 555 1493 non
587 1454 655 1494 esse
677 1434 883 1511 Horatianos,
915 1438 947 1492 in
981 1434 1028 1494 his
1051 1434 1167 1494 litteris
1190 1454 1299 1512 parum

167 1540 273 1600 videre
290 1545 437 1599 censeret.
469 1538 573 1613 Atque
588 1537 670 1596 idem
686 1541 785 1596 sensit
807 1537 831 1597 Ι.
848 1536 1050 1612 Oruquius
1062 1536 1100 1614 4),
1123 1536 1175 1612 qui
1191 1536 1299 1597 versus

163 1644 255 1702 simio
279 1641 400 1702 cuidam
432 1640 603 1700 Horatiano
634 1640 762 1699 attribui
786 1641 869 1716 vult,
900 1659 968 1699 cum
1001 1646 1032 1699 et
1063 1640 1186 1700 dicendi
1219 1639 1297 1698 ratio

166 1765 275 1823 parum
299 1745 463 1805 conveniat
487 1752 518 1804 et
541 1751 757 1821 argumentum
780 1745 895 1804 satirae
919 1763 980 1801 non
1003 1742 1035 1801 in
1058 1743 1221 1821 Lucilium,
1244 1742 1300 1803 sed

113 1895 115 1898 ,
162 1836 198 1906 in
228 1851 293 1908 eius
322 1847 461 1908 fautores
492 1847 652 1924 dirigatur.
705 1845 742 1905 In
767 1846 872 1906 eadem
904 1845 1061 1905 sententia
1090 1844 1150 1905 fuit
1172 1845 1298 1905 Bent-

165 1950 291 2028 leius,
322 1939 375 2028 qui
409 1970 518 2011 versus
548 1950 619 2009 illos
652 1969 690 2009 ne
713 1949 824 2026 dignos
856 1948 980 2025 quidem
1003 1948 1136 2027 putavit,
1167 1968 1244 2025 quos
1266 1948 1299 2007 in

164 2053 334 2113 editionem
357 2053 523 2132 reciperet,
555 2053 610 2113 sed
641 2061 797 2129 tamquam
819 2050 984 2112 manifeste
1007 2052 1139 2112 absonos
1174 2061 1204 2111 et
1228 2072 1299 2130 sup-

166 2156 285 2233 positos
316 2157 379 2216 alto
410 2157 532 2216 silentio
557 2156 726 2233 praeteriit.
770 2156 818 2215 Ac
840 2161 912 2232 post
938 2155 1115 2214 Bentleium
1153 2155 1299 2239 permulti

165 2259 306 2337 fuerunt,
336 2264 389 2336 qui
418 2260 468 2319 vel
499 2262 603 2335 magni
626 2259 752 2318 reveriti
784 2261 1001 2319 auctoritatem
1024 2258 1085 2318 viri
1108 2258 1157 2317 vel
1180 2269 1300 2331 suomet

164 2382 259 2423 sensu
271 2370 302 2422 et
315 2362 430 2423 iudicio
443 2363 530 2422 ducti
542 2361 730 2440 prooemium
741 2361 820 2420 illud
835 2363 872 2420 ab
885 2362 1016 2420 Horatio
1029 2360 1297 2421 abiudicaverunt.

158 2465 405 2525 Subtilissimam
420 2474 523 2525 autem
540 2464 788 2542 disquisitionem
813 2464 851 2523 de
867 2464 916 2524 his
932 2463 1073 2524 versibus
1097 2463 1142 2522 ita
1157 2463 1296 2524 instituit

162 2569 257 2627 Henr.
290 2567 419 2628 Carolus
452 2569 527 2628 Abr.
557 2565 896 2646 Eichstadius5),
929 2573 962 2626 ut
994 2586 1103 2627 versus
1133 2570 1210 2626 istos
1234 2587 1295 2627 non

160 2680 285 2731 tantum
315 2670 531 2730 cohaerentiae
567 2669 806 2747 sententiarum,
837 2669 893 2728 sed
916 2669 976 2747 ipsi
1007 2673 1101 2728 etiam
1139 2669 1235 2728 menti
1267 2675 1299 2728 et

163 2776 292 2835 consilio
315 2781 425 2852 poetae
449 2773 608 2834 adversari
631 2772 764 2832 doceret.
802 2773 907 2847 Atque
923 2791 992 2831 cum
1015 2791 1050 2831 eo
1074 2780 1298 2832 consenserunt

160 2898 269 2937 omnes
293 2876 367 2958 fere,
392 2877 444 2954 qui
467 2885 539 2954 post
569 2895 638 2934 eum
669 2874 708 2934 de
730 2875 788 2934 hoc
823 2873 948 2933 exordio
973 2874 1183 2951 quaestionem
1207 2873 1296 2934 insti·

164 2985 310 3056 tuerunt,
339 2979 517 3039 Friderious
541 2976 755 3056 Iacobsss),
785 2977 880 3036 Henr.
912 2976 1226 3055 Duentzerusl),
1266 2975 1298 3037 0.

251 3233 277 3299 1)
296 3230 420 3285 Caroli
432 3230 716 3300 Morgensternii
734 3231 923 3300 symbolarum
935 3229 1093 3283 criticarum
1111 3229 1139 3282 in
1157 3227 1294 3298 quaedam

163 3319 226 3372 loca
244 3317 368 3372 Platonis
386 3323 413 3372 et
431 3316 543 3371 Horatii
561 3323 631 3386 part.
651 3317 690 3370 ΙΙ.
709 3318 817 3387 Dorpat
836 3317 911 3371 1821.

251 3421 278 3490 2)
294 3420 373 3475 Fasti
391 3420 550 3484 Horatiani,
568 3420 676 3489 scripsit
694 3418 840 3474 Carolus
859 3416 1010 3493 Franks.
1045 3415 1133 3471 Berol.
1152 3417 1227 3472 1839.

251 3527 277 3588 3)
292 3524 395 3590 Horat.
418 3522 460 3577 ed.
478 3520 646 3587 Lambinus,
670 3521 894 3586 Francoi.1577,
919 3520 947 3572 in
965 3523 1110 3573 comment.
1138 3519 1172 3574 ad
1194 3524 1245 3574 sat.
1269 3519 1300 3574 X

167 3613 215 3666 hb·
234 3612 278 3759 Ill
299 3697 399 3751 Horat.
419 3694 459 3750 ed.
479 3693 635 3763 Oruquius,
647 3694 780 3762 Antverp.
802 3693 876 3746 1611.

251 3788 277 3851 5)
297 3784 402 3838 Henr.
421 3781 494 3836 Oar.
510 3779 592 3834 Abr.
605 3778 857 3844 Eichstadius,
870 3778 914 3831 De
928 3777 1027 3832 Horat.
1042 3776 1119 3831 sati
1135 3776 1167 3830 10
1180 3773 1300 3840 exordio,

165 3867 249 3921 Ienae
267 3869 341 3934 1822,
360 3873 386 3923 et
405 3866 630 3938 supplimentum
648 3864 857 3932 dissertationis,
876 3864 958 3918 lenae
978 3864 1052 3918 1824.

252 3971 277 4035 6)
297 3970 508 4024 Friderious
538 3967 684 4035 Jacobs,
711 3968 885 4022 Vermischte
911 3965 1066 4031 Schriiten,
1090 3964 1142 4018 vol.
1161 3963 1189 4017 V
1207 3962 1301 4018 Leben

165 4074 192 4109 u.
212 4056 307 4109 Kunst
326 4055 373 4110 der
391 4056 483 4121 Alten,
501 4055 554 4110 vol.
573 4055 617 4109 IV
638 4056 713 4121 1834,
731 4072 758 4125 p.
776 4053 921 4107 224-263.

252 4149 404 4237 7)Ἠεητ.
429 4158 651 4222 Diintzerus,
679 4157 774 4211 Kritik
798 4155 856 4208 und
875 4154 1033 4222 Erklirung
1054 4151 1102 4206 der
1120 4150 1228 4207 Satiren
1254 4151 1302 4207 des

162 4246 270 4311 Horas,
289 4243 460 4313 Brunsvigae
480 4244 555 4309 1841,
573 4262 600 4313 p.
618 4243 677 4327 249.

1054 4343 1093 4402 2*
