2956 4822
630 279 843 345 ,38-

168 452 529 532 passiveaccipiendum
552 471 619 512 esse
641 451 720 512 satis
746 471 840 529 supra
858 454 994 528 exposui,
1026 449 1093 522 Quo
1117 457 1301 528 argumento

169 557 313 634 adempto
336 554 444 615 Orellii
466 553 621 615 sententia
643 555 721 613 nihil
742 554 838 614 hahet
861 574 920 630 quo
944 551 1100 613 fulciatur.
1135 552 1301 613 Ooncerta·

170 663 286 722 tionem
315 658 395 720 enim
423 658 509 718 illam
534 657 595 716 iam
625 657 729 717 Sullae
759 657 950 735 temporibus
988 658 1141 716 exarsisse
1171 674 1301 730 eamque

170 763 320 844 paulatim
358 762 494 838 Augusti
523 768 626 820 aetate
664 768 728 819 tam
760 759 973 819 vehementem
1001 757 1116 818 factam
1147 777 1231 834 esse,
1265 764 1303 816 ut

171 866 354 940 duaequasi
370 863 494 923 scholae
509 865 703 938 exsisterent,
726 881 856 939 quarum
879 861 978 921 altera
1002 860 1079 920 nihil
1100 859 1160 921 nisi
1177 866 1301 920 veteres

170 969 256 1029 Latii
277 972 386 1046 poetas
408 964 625 1042 praedicabat,
654 965 751 1024 altera
775 963 903 1024 Graecis
936 963 1050 1023 litteris
1080 965 1170 1022 unice
1191 961 1303 1022 favens

171 1069 305 1132 recentis
317 1067 424 1147 ,poesis
440 1068 625 1145 elegantiam
642 1066 754 1145 cupide
769 1067 955 1144 sectabatur,
977 1070 1093 1126 nemini
1109 1066 1225 1144 opinor,
1247 1065 1302 1143 qui

169 1173 343 1234 litterarum
365 1170 449 1230 illins
473 1170 619 1248 temporis
641 1170 760 1249 peritus
784 1178 839 1245 est,
862 1170 1003 1248 ignotum
1026 1171 1094 1228 erit

257 1291 323 1352 Nec
345 1292 444 1367 magis
476 1291 573 1368 probo
595 1291 781 1350 sententiam
804 1288 838 1349 Ο.
862 1289 1081 1366 Kelleril),
1112 1291 1164 1364 qni
1192 1308 1303 1348 versus

173 1394 214 1455 ad
235 1396 418 1471 scriptorem
441 1393 594 1469 quendam
616 1391 721 1469 refert,
744 1391 798 1467 qui
820 1391 926 1452 multis
942 1393 1031 1452 annis
1049 1399 1121 1470 post
1136 1391 1302 1451 Horatium

172 1495 303 1556 Ausonii
334 1495 399 1556 fere
428 1495 619 1573 temporibus
649 1494 795 1556 floruerit.
838 1495 917 1553 Mihi
940 1493 1064 1569 quidem
1087 1493 1233 1554 videntur
1254 1493 1300 1552 illi

173 1616 282 1659 versus
316 1607 418 1660 aetate
448 1599 575 1659 Catonis
605 1604 660 1658 aut
689 1618 750 1657 non
778 1598 874 1658 multo
906 1606 977 1675 post
1000 1597 1065 1657 eius
1088 1596 1207 1657 obitum
1230 1617 1300 1656 con-

173 1703 288 1778 scripti
305 1721 381 1776 esse,
404 1721 464 1776 quo
486 1708 624 1778 tempore
648 1700 795 1761 Catonem
818 1699 1009 1777 castigandis
1022 1700 1137 1759 Lucilii
1159 1699 1303 1760 versibus

172 1801 273 1861 minus
303 1803 499 1880 elegantibus
527 1822 651 1880 operam
680 1803 857 1880 impendere
885 1815 939 1862 aut
967 1802 1164 1881 impendisse,
1195 1804 1249 1877 qui
1270 1804 1304 1861 in

172 1904 347 1964 liberalium
370 1906 482 1965 artium
504 1905 616 1965 studiis
640 1905 851 1981 versabantur,
874 1907 951 1965 satis
973 1905 1125 1968 sciebant.

260 2024 350 2096 Quod
365 2025 476 2084 deinde
493 2024 532 2083 ad
555 2024 640 2083 illam
662 2025 874 2101 quaestionem
898 2024 1023 2102 attinet,
1041 2029 1110 2100 quis
1133 2025 1186 2084 ille
1206 2024 1304 2086 versi·

172 2125 282 2187 ficator
303 2125 405 2205 fuerit,
434 2128 574 2205 plerique
596 2126 656 2187 viri
679 2126 770 2204 docti,
794 2130 847 2203 qui
870 2128 908 2187 de
930 2127 989 2187 hoc
1012 2127 1137 2187 exordio
1163 2128 1306 2205 disputa-

176 2237 302 2307 verunt,
333 2238 518 2289 censuerunt
548 2249 656 2290 versus
680 2251 698 2289 a
718 2237 811 2308 poeta
834 2230 936 2305 aliquo
959 2230 999 2290 ad
1021 2229 1163 2290 fraudem
1187 2229 1304 2290 facien-

176 2332 246 2392 dam
271 2353 338 2394 esse
361 2334 555 2413 compositos.
600 2334 752 2410 Equidem
774 2334 823 2394 his
845 2354 907 2393 non
930 2333 1090 2394 assentior.
1121 2333 1181 2393 Sed
1197 2353 1304 2409 quam-

175 2456 267 2512 quam
291 2436 424 2497 concedo
448 2457 559 2497 causas
582 2445 614 2497 et
636 2437 882 2514 opportunitates
905 2436 1038 2514 Horatii,
1060 2435 1211 2515 principis
1235 2434 1304 2494 fidi-

176 2538 260 2598 cenis
274 2539 362 2616 lyrae
376 2539 541 2617 Romanae,
563 2560 619 2618 per
636 2539 826 2599 adulterinos
841 2559 948 2599 versus
969 2539 1185 2617 corrumpendi
1206 2537 1305 2599 fuisse
1390 2609 1392 2614 ¹

176 2641 280 2721 plures
318 2662 410 2717 quam
446 2642 606 2702 cuiusdam
636 2642 764 2702 alterius
793 2647 918 2719 poetae,
949 2651 1053 2702 tamen
1081 2661 1217 2720 pernego
1247 2641 1304 2702 hos

177 2764 285 2804 versus
300 2743 332 2803 in
347 2742 535 2804 fraudatoris
551 2744 709 2805 cuiusdam
725 2743 813 2820 quasi
836 2743 960 2804 officina
982 2743 1071 2804 fictos
1095 2765 1170 2805 esse.
1201 2744 1303 2805 Inter·

177 2847 346 2923 polatcrem
369 2846 450 2906 enim
473 2846 625 2923 quendam
647 2847 706 2907 hoc
727 2849 916 2925 prooemium
940 2867 1008 2907 oum
1024 2847 1121 2907 satira
1142 2854 1207 2907 tam
1224 2848 1305 2909 male

178 2949 385 3028 copulavisse
402 2962 463 3010 non
487 2956 535 3009 est
556 2950 725 3026 probabile.
770 2949 859 3021 Quod
882 2957 985 3009 autem
1007 2950 1096 3009 multi
1117 2950 1204 3010 illum
1227 2952 1306 3010 satis

178 3051 332 3130 stolidum,
349 3051 449 3129 quiin
464 3053 617 3130 particula
636 3057 781 3129 „nempe“
797 3054 835 3112 ab
845 3053 935 3112 initio
952 3054 1102 3113 collocata
1118 3051 1305 3132 offendebat,

178 3153 234 3213 hos
256 3153 596 3232 versus-composuisse
619 3154 825 3232 contendunt,
854 3175 916 3214 non
938 3155 1073 3232 intelligi
1096 3162 1207 3234 potest,
1231 3177 1306 3233 quo·

178 3256 268 3315 modo
301 3257 355 3317 ille
384 3261 508 3335 ineptus
542 3256 591 3317 vir
622 3257 677 3318 hos
707 3262 886 3334 neutiquam
926 3258 1023 3318 malos
1053 3279 1162 3320 versus
1203 3258 1306 3319 facere

178 3362 322 3438 potuerit.
367 3359 435 3431 Qua
462 3363 495 3419 in
524 3380 558 3420 re
590 3381 651 3420 non
674 3361 828 3421 assentior
849 3361 1010 3438 Lambino,
1042 3361 1095 3437 qui
1117 3362 1173 3422 hos
1196 3381 1306 3422 versus

179 3463 218 3522 ab
251 3461 353 3538 aliquo
387 3463 556 3523 semidooto
594 3464 747 3524 nebulone
777 3463 914 3523 adiectos
945 3484 1013 3524 esse
1044 3473 1157 3525 censet.
1210 3464 1306 3537 Quasi

178 3584 252 3625 vero
282 3565 332 3624 hio
363 3564 533 3624 doctrinam
562 3587 648 3626 suam
679 3566 835 3643 congestis
866 3567 914 3627 his
945 3569 1049 3627 verbis
1072 3566 1306 3644 praeseferre

178 3666 326 3728 voluerit!
371 3666 523 3743 Equidem
553 3675 659 3728 contra
688 3689 820 3747 agnosco
850 3690 887 3730 ex
909 3670 967 3729 hoc
998 3669 1123 3729 exordio
1146 3671 1308 3749 scriptoris

180 3769 284 3847 aliqua
299 3769 491 3830 humanitate
506 3770 617 3830 imbuti
632 3791 750 3849 venam,
774 3772 826 3847 qui
850 3772 889 3831 ad
911 3791 1021 3831 versus
1043 3771 1205 3833 faciendos
1228 3773 1308 3834 satis

179 3871 340 3950 praeditus
363 3879 430 3931 erat
443 3873 480 3951 ²).

180 4013 385 4038 2—-—

267 4090 292 4159 1)
310 4089 506 4162 Epilegomena
523 4109 558 4145 zu
575 4092 678 4159 Horaz,
696 4110 722 4163 p.
741 4093 791 4148 504
808 4111 848 4164 sq.

265 4175 292 4243 2)
315 4174 393 4230 Idem
421 4176 477 4231 fere
506 4179 590 4232 sensit
618 4177 816 4248 Nipperdeius,
848 4178 894 4250 qui
925 4179 995 4234 dixit
1025 4179 1076 4236 hos
1109 4197 1202 4234 versus
1236 4185 1310 4234 certe

178 4259 318 4317 hominem
336 4260 477 4316 ostendere
494 4262 523 4316 in
540 4262 637 4318 litteris
654 4279 711 4317 non
728 4264 886 4334 vulgaribus
904 4272 1051 4320 versatum.
