2956 4822
638 243 831 312 ..3-

194 448 197 472 i
222 446 225 450 ·
254 418 322 480 Has
354 417 594 479 scholiastarum
627 421 843 480 annotationes
874 418 1046 480 illustravit
1078 419 1301 480 Bentleius
1328 417 1333 429 ’

170 528 259 582 acute
276 522 443 583 observans
464 520 538 582 ficta
552 521 607 581 illa
621 522 746 581 nomina
766 537 829 581 non
851 522 952 582 solum
972 539 1108 602 numero,
1131 523 1188 583 sed
1205 525 1301 583 atiani

170 624 361 702 syllabarum
384 623 557 701 quantitate
581 643 650 683 cum
671 623 755 684 veris
778 624 953 702 convenire,
975 624 1020 685 ita
1043 632 1078 685 ut
1100 625 1167 687 sine
1189 634 1300 686 versus

171 724 334 806 dispendio
350 725 443 786 facile
457 747 513 804 pro
528 726 602 787 ficto
616 726 738 786 nomine
754 746 862 787 verum
883 727 1035 789 substitui
1051 733 1165 806 posset
1195 727 1300 804 Atque

172 849 282 891 revera
304 830 437 908 plurima
460 830 602 907 exempla·
632 828 746 889 docent
775 848 850 890 vera
874 837 906 890 at
928 828 1002 890 ficta
1024 830 1147 890 nomina
1169 829 1302 890 totidem

170 933 310 1011 syllabas
342 939 373 992 et
402 930 533 992 eandem
561 951 734 992 mansuram
765 932 889 993 habere.
941 933 1085 1011 Exempli
1113 952 1207 994 causa
1241 933 1301 993 sub

170 1036 344 1114 puellarum
363 1054 401 1093 ox
423 1054 506 1094 more
528 1043 690 1112 poetarum
711 1034 797 1095 illius
820 1039 889 1095 aevi
910 1034 992 1096 fictis
1015 1036 1189 1096 nominibus
1211 1054 1302 1096 veras

170 1139 292 1217 puellas
329 1137 426 1199 velut*
454 1138 512 1198 sub
528 1139 530 1144 '
547 1137 680 1198 Lesbiae
725 1138 810 1216 apud
847 1137 1003 1199 Catullum
1048 1137 1203 1216 Clodiam,
1242 1138 1302 1198 sub

171 1241 281 1301 Deliae
296 1242 380 1320 apud
393 1241 549 1301 Tibullum
568 1241 719 1318 Planiam,
741 1241 801 1302 sub
824 1241 978 1319 Cynthiae
1000 1241 1084 1321 apud
1105 1242 1303 1320 Propertium

172 1343 317 1421 Hostiam
331 1345 429 1405 latare
444 1344 720 1422 compertissimum
735 1351 792 1404 est.
823 1344 968 1405 Ceterum
986 1345 1077 1424 plura
1101 1362 1302 1424 personarum

174 1446 299 1506 nomina
313 1451 344 1506 in
361 1455 500 1509 veterum
515 1454 677 1524 poetarum
700 1447 888 1508 carminibus
911 1446 1027 1509 ficticia
1049 1446 1148 1510 fuisse
1171 1453 1302 1525 constat,

172 1568 242 1608 cum
265 1557 375 1629 poetae
399 1569 450 1610 eos
473 1549 612 1610 homines
635 1569 712 1626 quos
734 1549 989 1628 perstringebant
1009 1569 1128 1630 poenae
1150 1549 1302 1612 invidiae·

172 1672 233 1727 quc
269 1660 354 1713 metu
394 1652 538 1713 commoti
579 1651 630 1714 vel
670 1653 731 1712 alia
768 1672 961 1730 quacumque
997 1654 1036 1714 de
1073 1673 1166 1714 causa
1203 1653 1303 1714 celare

172 1755 346 1816 maluerint.
381 1756 440 1828 Qui
463 1755 560 1832 igitur
578 1756 790 1816 Maecenatem
813 1757 871 1817 sub
894 1756 954 1817 hoo
975 1755 1048 1817 ficto
1071 1758 1194 1817 nomina
1217 1755 1304 1834 carpi

173 1866 317 1932 censent,
346 1863 547 1937 suspicantur
574 1864 698 1938 poetam
726 1857 776 1919 hic
799 1859 1011 1920 Maecenatem
1033 1860 1157 1939 proprio
1180 1861 1304 1920 nomine

173 1963 330 2040 appellare
360 1961 514 2038 noluisse,
551 1959 634 2036 quod
664 1968 775 2039 potens
812 1969 879 2022 erat
915 1970 947 2022 et
981 1962 1063 2040 apud
1097 1962 1303 2024 Octavianum

171 2064 339 2144 plurimum
361 2065 493 2127 valebat.

176 2196 182 2203 ·
256 2169 362 2245 Atque
392 2166 502 2227 horum
531 2166 687 2228 sententia
716 2165 890 2228 confirmari
920 2167 1045 2228 videtur
1074 2167 1197 2228 collatis
1227 2188 1302 2227 non-

172 2271 267 2332 nullis
289 2279 429 2332 veterum
450 2270 536 2347 locis,
569 2270 681 2346 quibus
704 2275 833 2348 apparet
855 2270 1066 2331 Maecenatem
1088 2270 1304 2331 mollissimum

173 2380 205 2434 et
235 2373 491 2434 delicatissimum
521 2373 674 2432 hominem
697 2371 802 2434 fuisse.
847 2373 1008 2434 Similibus
1035 2375 1117 2434 enim
1139 2373 1303 2450 coloribus,

174 2476 286 2553 quibus
323 2476 474 2536 Horatius
507 2474 693 2535 Malthinum
725 2475 881 2554 depingit,
917 2476 1107 2536 Maecenatis
1145 2476 1242 2537 vitam
1273 2484 1304 2538 et

172 2598 272 2639 mores
310 2578 460 2639 describit
500 2578 619 2639 Seneca
655 2598 700 2657 ep.
734 2581 810 2657 114,
841 2581 870 2640 4.
933 2579 966 2640 Is
1007 2581 1103 2657 enim,
1140 2587 1304 2659 postquam

173 2680 272 2743 dixit:
306 2681 482 2760 „Quomodo
498 2683 663 2742 Maecenas
684 2675 809 2760 vixerit,
829 2685 933 2743 notius
950 2689 998 2742 est
1020 2703 1112 2760 quam
1134 2690 1170 2743 ut
1183 2682 1305 2743 narrari

173 2805 256 2846 nunc
272 2785 400 2846 debeat:
417 2785 567 2863 quomodo
586 2785 800 2862 ambulaverit,
821 2805 913 2863 quam
928 2784 1079 2846 delicatus
1094 2783 1197 2863 fuerit,
1212 2805 1304 2863 quam

174 2891 308 2967 cupierit
322 2888 431 2966 videri,
447 2908 538 2965 quam
552 2887 631 2949 vitia
653 2908 710 2947 sua
726 2888 825 2948 latera
847 2889 989 2948 noluerit.
1018 2887 1100 2960 Quid
1123 2889 1221 2966 ergo?
1243 2906 1303 2948 non

174 2994 273 3052 oratio
304 2994 371 3051 eius
402 3011 499 3066 aequa
528 2990 631 3052 soluta
663 2998 711 3051 est
742 3011 834 3067 quam
855 2991 923 3068 ipse
946 2990 1117 3051 discinctus
1126 2990 1156 3048 ?“
1185 2991 1303 3069 pergit:

174 3094 262 3172 „Non
284 3094 392 3156 statim
421 3093 497 3154 haec
520 3113 590 3154 cum
618 3093 748 3171 legeris,
778 3093 837 3154 hoc
863 3094 921 3153 tibi
951 3092 1085 3154 occurrit
1114 3093 1197 3154 huuc
1227 3112 1304 3171 esse,

175 3199 229 3274 qui
251 3197 363 3258 solutis
384 3196 499 3257 tunicis
521 3199 554 3256 in
575 3196 654 3256 urbe
676 3215 797 3274 semper
820 3195 1020 3257 incesserit?“

260 3299 320 3360 Sed
343 3300 494 3377 quomodo
516 3298 619 3378 potuit
640 3298 789 3359 Horatius
812 3306 875 3359 tam
893 3297 1107 3377 imprudenter
1128 3306 1160 3358 et
1182 3299 1303 3375 ingrate

174 3420 275 3482 agere,
305 3412 341 3464 ut
371 3406 501 3464 amicum
524 3404 735 3464 Maecenatem
765 3402 948 3464 vellicaret?
990 3403 1101 3463 Nonne
1121 3399 1304 3460 incredibile

173 3505 299 3568 videtur
320 3505 487 3566 Horatium
500 3506 675 3566 Maecenati
702 3506 844 3566 meritam
866 3504 1067 3582 debitamque
1089 3502 1221 3581 gratiam
1242 3520 1304 3560 non

174 3608 266 3669 modo
281 3629 343 3669 non
358 3609 526 3686 rettulisse,
541 3608 597 3670 sed
609 3611 703 3670 etiam
714 3609 780 3669 eius
791 3607 1011 3669 beneficiorum
1021 3615 1086 3667 tam
1096 3609 1305 3665 immemorem

174 3710 280 3788 fuisse,
303 3719 338 3772 ut
360 3713 580 3788 Maecenatem,
603 3714 735 3771 amicum
758 3720 789 3771 et
812 3709 973 3788 fautorem,
1002 3708 1146 3790 publicae
1168 3706 1305 3768 irrisioni

176 3815 365 3894 exponeret?

180 3931 182 3936 “
261 3916 353 3978 Unde
368 3914 501 3995 profecti
517 3917 734 3976 concluserunt
748 3916 839 3976 multi
860 3916 1033 3994 Horatium,
1058 3935 1128 3976 oum
1142 3916 1305 3976 Maecena-

175 4026 239 4080 tem
261 4023 462 4103 vituperaret,
491 4019 626 4078 nondum
649 4022 715 4079 eius
738 4017 871 4079 amicum
893 4018 991 4080 fuisse
1013 4027 1045 4080 et
1066 4019 1146 4079 hano
1168 4018 1305 4095 satiram,

176 4119 342 4200 antequam
357 4125 439 4184 inter
454 4123 644 4183 Maecenatis
666 4120 837 4182 familiares
859 4129 1003 4200 receptus
1026 4130 1117 4200 esset,
1140 4140 1220 4182 anno
1243 4121 1306 4181 714

176 4225 227 4286 vel
251 4228 312 4286 715
335 4225 506 4304 scripsisse.
550 4224 715 4285 Horatium
738 4219 827 4303 enim,
851 4227 905 4302 qui
927 4225 960 4285 in
982 4244 1088 4304 pugna
1110 4222 1306 4302 Philippensi
