2956 4822
633 310 845 374 ..31-

170 485 392 568 probabilitate
409 503 476 543 eam
491 481 672 558 longissime
688 480 798 540 abesse
812 478 888 538 mihi
905 478 1028 555 quidem
1045 477 1154 538 videri.
1198 477 1307 553 Neque

169 591 253 670 enim
275 587 375 666 copie,
408 607 471 663 qua
502 584 540 643 de
573 604 666 644 causa
700 587 865 661 ,‚puerum“
889 582 1071 642 mutandum
1094 581 1136 640 sit
1156 580 1252 657 idque
1276 582 1307 639 iu

169 714 204 753 re
227 710 354 770 prorsus
377 691 507 747 incerta.

258 794 277 872 ξ
316 794 363 852 19.
422 792 573 850 Maximae
618 795 719 848 autem
765 787 966 848 difficultates
1010 787 1162 865 praebent
1206 785 1304 845 verba

175 897 463 974 „grammaticorum
494 896 632 969 equitum
661 891 890 968 doctissimus“,
921 892 1035 968 quippe
1058 909 1187 965 quorum
1210 891 1306 948 inter-

173 1002 307 1078 pretatio
335 991 431 1057 tantis
461 996 620 1074 implicata
650 997 693 1054 sit
723 993 970 1069 difficultatibus,
1002 993 1128 1068 quantis
1149 992 1203 1051 vix
1226 991 1305 1050 alius

174 1103 257 1162 ullus
271 1102 397 1160 Horatii
412 1099 578 1159 satirarum
592 1099 688 1157 loeus,
732 1095 863 1168 Quinam
881 1095 957 1156 dicti
979 1100 1042 1155 sint
1064 1097 1185 1171 equites
1202 1113 1304 1170 gram-

173 1204 277 1265 matici
315 1211 347 1263 et
384 1203 454 1279 quis
490 1201 543 1260 ille
583 1200 873 1277 „grammaticorum
910 1201 1048 1274 equitum
1086 1196 1304 1258 doctissimus“

171 1307 329 1387 putandus
364 1305 413 1382 sit,
446 1305 508 1364 dici
540 1323 600 1363 non
634 1310 738 1380 potest
770 1321 862 1378 quam
896 1322 1007 1379 magua
1022 1345 1024 1349 -
1040 1303 1082 1360 sit
1111 1301 1193 1360 inter
1223 1300 1307 1359 viros

172 1411 283 1470 doctos
307 1407 471 1469 dubitatio.

258 1513 306 1572 Ac
328 1511 411 1588 quod
434 1511 475 1569 ad
497 1513 630 1588 priorem
652 1508 736 1567 illam
755 1508 967 1583 quaestionem
989 1506 1111 1583 attinet,
1134 1506 1210 1566 haec
1232 1506 1308 1564 mihi

174 1614 403 1693 simplicissima
418 1633 486 1673 esse
502 1613 635 1688 videtur,
651 1631 836 1686 quamquam
851 1609 1006 1676 viridocti
1016 1608 1107 1669 valde
1121 1609 1307 1686 discrepant.

175 1716 327 1793 Equidem
342 1736 453 1777 censeo
469 1714 574 1776 verbis
592 1717 881 1791 „grammaticorum
898 1713 1054 1788 equitum“
1081 1712 1308 1789 intellegendos

176 1839 246 1895 esse
267 1823 486 1897 grammaticos
508 1817 662 1894 equestris
693 1816 819 1876 ordinis.
864 1817 967 1892 Atque
996 1820 1078 1875 inter
1105 1819 1224 1891 equites
1247 1817 1308 1874 Ro·

174 1942 281 1983 manos
311 1943 371 1981 non
402 1921 493 2000 pauci
523 1930 589 1981 tum
622 1920 653 1978 iu
677 1919 826 1978 bonarum
849 1918 1024 1978 litterarum
1047 1918 1161 1978 studiis
1185 1938 1309 1996 operam

173 2025 314 2103 posuisse
351 2024 505 2102 videntur,
542 2032 577 2083 ut
613 2023 649 2082 L.
684 2023 793 2082 Aelius
823 2021 901 2081 Stilo
939 2030 970 2080 et
1007 2021 1133 2082 Servius
1171 2020 1309 2080 Clodius.

175 2127 364 2203 Neutiquam
379 2148 453 2187 vero
468 2126 630 2206 probanda
647 2135 694 2185 est
710 2124 865 2185 sententia
881 2145 994 2203 eorum,
1017 2125 1071 2200 qui
1092 2129 1309 2201 grammaticos

173 2237 209 2288 ut
232 2230 360 2288 nimium
384 2237 539 2289 amatores
565 2228 683 2306 ingenii
706 2231 754 2287 sui
776 2236 808 2286 et
830 2227 990 2286 recondita
1012 2227 1154 2287 doctrina
1178 2226 1309 2287 confisos

174 2330 298 2390 nomine
329 2331 465 2406 equitum
497 2351 530 2391 se
561 2332 671 2409 dignos
704 2330 864 2408 putavisse
893 2330 1024 2406 ideoque
1054 2337 1175 2408 poetam
1205 2331 1309 2407 lepida

171 2433 315 2493 irrisione
330 2453 420 2493 usum
436 2454 503 2494 esse
519 2434 705 2494 existimant.
750 2433 832 2492 Van
857 2433 1064 2492 Heusdius
1087 2437 1304 2510 grammaticos

174 2536 295 2612 equites
326 2556 378 2595 eos
408 2556 476 2596 esse
509 2537 732 2614 interpretatus
763 2549 825 2612 est,
863 2540 916 2611 qui
951 2555 1076 2595 causam
1110 2536 1305 2611 antiquorum

173 2647 282 2699 vatum
313 2638 497 2717 pugnaciter
518 2641 614 2698 tutati
636 2647 668 2698 et
699 2638 730 2696 in
754 2657 843 2697 secus
874 2638 1044 2698 sentientes
1076 2635 1193 2698 invecti
1223 2647 1307 2698 sunt.

173 2740 275 2812 Quam
307 2743 494 2800 sententiam
524 2761 542 2798 a
570 2740 840 2801 verisimilitudine
870 2741 1000 2800 maxime
1029 2742 1194 2801 abhorrere
1216 2761 1305 2800 nemo

173 2864 237 2902 non
258 2844 353 2905 videt.

260 2946 470 3007 Beckerus
493 2965 566 3006 vero
590 2951 711 3006 censuit
733 2947 957 3023 intellegendos
974 2967 1041 3007 esse
1065 2948 1172 3007 doctos
1188 2948 1306 3007 Tiberii

175 3045 309 3107 Neronis
329 3048 454 3126 amicos,
478 3048 531 3125 qui
546 3067 615 3108 eum
631 3049 663 3106 in
679 3049 874 3126 expeditione
891 3070 916 3108 a.
932 3071 960 3109 u.
978 3070 1001 3110 c.
1019 3051 1081 3109 734
1103 3051 1133 3108 in
1157 3051 1306 3109 orientem

174 3157 322 3227 suscepta
344 3151 483 3210 comitati
505 3160 586 3227 sunt,
610 3160 640 3209 et
662 3151 748 3210 illum
776 3153 1060 3229 „grammaticorum
1077 3153 1215 3228 equitum
1235 3153 1307 3212 doc·

176 3253 348 3328 tissimum“
374 3273 441 3313 esse
464 3254 578 3312 Iulium
602 3254 738 3333 Florum,
766 3257 818 3330 qui
841 3275 959 3314 summa
981 3257 1062 3314 inter
1085 3255 1154 3315 illos
1178 3259 1306 3317 comites

174 3355 362 3416 auctoritate
393 3365 468 3416 erat.
513 3356 665 3432 Equidem
695 3377 811 3434 vereor,
842 3378 880 3416 ne
908 3361 943 3434 is,
975 3358 1026 3433 qui
1053 3357 1133 3417 hanc
1156 3362 1306 3420 rationem

173 3462 324 3536 sequitur,
353 3479 504 3533 nusquam
535 3460 658 3535 habeat,
687 3460 738 3518 ubi
766 3460 877 3536 pedem
900 3469 983 3520 certo
1006 3459 1090 3537 figat.
1136 3461 1202 3533 Quo
1226 3467 1308 3521 enim
1396 3540 1398 3544 λ

172 3564 241 3620 iure
265 3561 384 3621 Tiberii
406 3561 539 3621 Neronis
569 3562 696 3621 comites
726 3583 800 3639 prae
831 3563 900 3622 aliis
933 3563 1070 3638 „equites
1093 3566 1305 3640 grammatici“

176 3662 327 3739 appellari
357 3663 530 3741 potuerint⁷
561 3664 703 3740 equidem
732 3686 793 3723 non
824 3665 971 3741 intellego
1003 3673 1034 3724 et
1063 3667 1117 3725 vix
1147 3669 1308 3743 quisquam

176 3781 251 3822 sano
274 3764 388 3839 iudicio
418 3767 579 3843 praeditus
609 3767 780 3844 intelleget,
811 3782 846 3826 ut
877 3767 915 3826 de
939 3769 997 3827 hac
1020 3789 1053 3827 re
1076 3769 1153 3827 nihil
1176 3773 1307 3848 amplius

176 3863 343 3925 dicendum
365 3888 432 3929 esse
462 3878 576 3948 putem.
622 3869 711 3941 Quod
741 3870 853 3929 deinde
876 3871 1035 3931 Beckerus
1059 3873 1172 3932 conicit
1194 3874 1308 3933 lulium

176 3967 303 4028 Florum
324 3969 375 4031 hic
399 3973 437 4030 ab
460 3972 591 4031 Horatio
617 3977 905 4048 „grammaticorum
929 3978 1066 4049 equitum
1090 3975 1305 4036 doctissimus“

174 4090 245 4131 esse
268 4074 458 4150 appellatum
482 4084 513 4134 et
542 4075 729 4151 vellicatum‚
760 4077 842 4150 quod
873 4077 1068 4152 antiquitatis
1093 4079 1308 4140 tenacissimus

175 4184 267 4251 poeta
289 4175 402 4237 fuisset
418 4186 448 4234 et
468 4177 507 4235 ab
523 4177 645 4236 Horatii
663 4178 798 4236 amicitia
814 4178 997 4251 disiunctus,
1019 4200 1057 4238 ne
1081 4179 1160 4240 hanc
1183 4181 1309 4257 quidem

173 4279 362 4338 sententiam
395 4299 577 4354 quemquam
609 4287 787 4338 secuturum
819 4301 886 4340 esse
906 4292 1001 4358 puto.
1046 4281 1131 4341 Nihil
1160 4284 1240 4343 enirn
1272 4286 1310 4346 de
