<?xml version="1.0" encoding="UTF-8"?>
<!DOCTYPE html PUBLIC "-//W3C//DTD XHTML 1.0 Transitional//EN"
    "http://www.w3.org/TR/xhtml1/DTD/xhtml1-transitional.dtd">
<html xmlns="http://www.w3.org/1999/xhtml" xml:lang="en" lang="en">
 <head>
  <title>
</title>
<meta http-equiv="Content-Type" content="text/html;charset=utf-8" />
  <meta name='ocr-system' content='tesseract 3.04.00' />
  <meta name='ocr-capabilities' content='ocr_page ocr_carea ocr_par ocr_line ocrx_word'/>
</head>
<body>
  <div class='ocr_page' id='page_1' title='image "./numhoratiisatir00muelgoog_0045.png"; bbox 0 0 2956 4822; ppageno 0'>
   <div class='ocr_carea' id='block_1_1' title="bbox 643 263 853 328">
    <p class='ocr_par' dir='ltr' id='par_1_1' title="bbox 643 263 853 328">
     <span class='ocr_line' id='line_1_1' title="bbox 643 263 853 328; baseline 0.005 -20"><span class='ocrx_word' id='word_1_1' title='bbox 643 263 853 328; x_wconf 73' lang='grc'>,40-</span> 
     </span>
    </p>
   </div>
   <div class='ocr_carea' id='block_1_2' title="bbox 176 433 1373 3888">
    <p class='ocr_par' dir='ltr' id='par_1_2' title="bbox 178 433 1316 1026">
     <span class='ocr_line' id='line_1_2' title="bbox 179 433 1312 512; baseline -0.001 -18"><span class='ocrx_word' id='word_1_2' title='bbox 179 433 285 496; x_wconf 86' lang='lat' dir='ltr'><strong>fuisse.</strong></span> <span class='ocrx_word' id='word_1_3' title='bbox 330 435 411 494; x_wconf 89' lang='lat' dir='ltr'><strong>Num</strong></span> <span class='ocrx_word' id='word_1_4' title='bbox 435 443 538 495; x_wconf 89' lang='lat' dir='ltr'><strong>autem</strong></span> <span class='ocrx_word' id='word_1_5' title='bbox 567 435 644 495; x_wconf 90' lang='lat' dir='ltr'><strong>haec</strong></span> <span class='ocrx_word' id='word_1_6' title='bbox 668 443 849 511; x_wconf 89' lang='lat' dir='ltr'><strong>argumenta</strong></span> <span class='ocrx_word' id='word_1_7' title='bbox 871 442 990 494; x_wconf 78' lang='lat' dir='ltr'><strong>tantam</strong></span> <span class='ocrx_word' id='word_1_8' title='bbox 1012 435 1076 496; x_wconf 91' lang='lat' dir='ltr'><strong>vim</strong></span> <span class='ocrx_word' id='word_1_9' title='bbox 1098 435 1246 512; x_wconf 89' lang='lat' dir='ltr'><strong>habeant,</strong></span> <span class='ocrx_word' id='word_1_10' title='bbox 1276 440 1312 493; x_wconf 89' lang='lat' dir='ltr'><strong>ut</strong></span> 
     </span>
     <span class='ocr_line' id='line_1_3' title="bbox 178 536 1314 616; baseline 0 -19"><span class='ocrx_word' id='word_1_11' title='bbox 178 538 251 597; x_wconf 90' lang='lat' dir='ltr'><strong>inde</strong></span> <span class='ocrx_word' id='word_1_12' title='bbox 274 537 419 614; x_wconf 82' lang='lat' dir='ltr'>colligere</span> <span class='ocrx_word' id='word_1_13' title='bbox 447 536 601 616; x_wconf 90' lang='lat' dir='ltr'><strong>pessimus</strong></span> <span class='ocrx_word' id='word_1_14' title='bbox 633 536 819 597; x_wconf 89' lang='lat' dir='ltr'><strong>Bibaculum</strong></span> <span class='ocrx_word' id='word_1_15' title='bbox 849 556 917 597; x_wconf 90' lang='lat' dir='ltr'><strong>esse</strong></span> <span class='ocrx_word' id='word_1_16' title='bbox 949 545 1107 597; x_wconf 81' lang='lat' dir='ltr'><strong>auctorem</strong></span> <span class='ocrx_word' id='word_1_17' title='bbox 1139 537 1249 597; x_wconf 90' lang='lat' dir='ltr'><strong>horum</strong></span> <span class='ocrx_word' id='word_1_18' title='bbox 1273 537 1314 597; x_wconf 90' lang='lat' dir='ltr'><strong>ad</strong></span> 
     </span>
     <span class='ocr_line' id='line_1_4' title="bbox 180 639 1313 718; baseline 0.001 -20"><span class='ocrx_word' id='word_1_19' title='bbox 180 639 335 700; x_wconf 81' lang='lat' dir='ltr'><strong>Lucilium</strong></span> <span class='ocrx_word' id='word_1_20' title='bbox 365 640 573 718; x_wconf 78' lang='lat' dir='ltr'><strong>spectantium</strong></span> <span class='ocrx_word' id='word_1_21' title='bbox 605 648 758 716; x_wconf 87' lang='lat' dir='ltr'><strong>versuum,</strong></span> <span class='ocrx_word' id='word_1_22' title='bbox 796 641 939 716; x_wconf 87' lang='lat' dir='ltr'><strong>equidem</strong></span> <span class='ocrx_word' id='word_1_23' title='bbox 971 639 1063 699; x_wconf 90' lang='lat' dir='ltr'><strong>valde</strong></span> <span class='ocrx_word' id='word_1_24' title='bbox 1098 639 1223 699; x_wconf 91' lang='lat' dir='ltr'><strong>dubito:</strong></span> <span class='ocrx_word' id='word_1_25' title='bbox 1262 659 1313 699; x_wconf 91' lang='lat' dir='ltr'><strong>ca·</strong></span> 
     </span>
     <span class='ocr_line' id='line_1_5' title="bbox 180 740 1316 820; baseline -0.002 -18"><span class='ocrx_word' id='word_1_26' title='bbox 180 741 314 802; x_wconf 85' lang='lat' dir='ltr'><strong>vandum</strong></span> <span class='ocrx_word' id='word_1_27' title='bbox 344 748 400 819; x_wconf 90' lang='lat' dir='ltr'><strong>est,</strong></span> <span class='ocrx_word' id='word_1_28' title='bbox 430 763 469 802; x_wconf 89' lang='lat' dir='ltr'><strong>ne</strong></span> <span class='ocrx_word' id='word_1_29' title='bbox 499 744 569 820; x_wconf 90' lang='lat' dir='ltr'><strong>plus</strong></span> <span class='ocrx_word' id='word_1_30' title='bbox 601 743 729 818; x_wconf 90' lang='lat' dir='ltr'><strong>colligas</strong></span> <span class='ocrx_word' id='word_1_31' title='bbox 760 763 852 818; x_wconf 90' lang='lat' dir='ltr'><strong>quam</strong></span> <span class='ocrx_word' id='word_1_32' title='bbox 883 742 1029 818; x_wconf 79' lang='lat' dir='ltr'><strong>colligere</strong></span> <span class='ocrx_word' id='word_1_33' title='bbox 1057 742 1138 802; x_wconf 86' lang='lat' dir='ltr'><strong>licet.</strong></span> <span class='ocrx_word' id='word_1_34' title='bbox 1184 740 1316 801; x_wconf 90' lang='lat' dir='ltr'><strong>Omnem</strong></span> 
     </span>
     <span class='ocr_line' id='line_1_6' title="bbox 180 844 1314 923; baseline 0 -20"><span class='ocrx_word' id='word_1_35' title='bbox 180 844 348 904; x_wconf 89' lang='lat' dir='ltr'><strong>Kirchneri</strong></span> <span class='ocrx_word' id='word_1_36' title='bbox 378 845 675 922; x_wconf 84' lang='lat' dir='ltr'><strong>argumentationem</strong></span> <span class='ocrx_word' id='word_1_37' title='bbox 706 866 744 905; x_wconf 91' lang='lat' dir='ltr'><strong>ax</strong></span> <span class='ocrx_word' id='word_1_38' title='bbox 763 865 836 913; x_wconf 63' lang='lat' dir='ltr'><strong>‚uno</strong></span> <span class='ocrx_word' id='word_1_39' title='bbox 869 844 996 906; x_wconf 75' lang='lat' dir='ltr'><strong>Catenis</strong></span> <span class='ocrx_word' id='word_1_40' title='bbox 1025 847 1147 904; x_wconf 89' lang='lat' dir='ltr'><strong>nomine</strong></span> <span class='ocrx_word' id='word_1_41' title='bbox 1177 844 1314 923; x_wconf 88' lang='lat' dir='ltr'><strong>pendere</strong></span> 
     </span>
     <span class='ocr_line' id='line_1_7' title="bbox 181 947 961 1026; baseline 0.003 -20"><span class='ocrx_word' id='word_1_42' title='bbox 181 951 356 1007; x_wconf 84' lang='lat' dir='ltr'><strong>accuratius</strong></span> <span class='ocrx_word' id='word_1_43' title='bbox 378 947 599 1026; x_wconf 85' lang='lat' dir='ltr'><strong>inspicientem</strong></span> <span class='ocrx_word' id='word_1_44' title='bbox 620 947 730 1025; x_wconf 84' lang='lat' dir='ltr'><strong>fugere</strong></span> <span class='ocrx_word' id='word_1_45' title='bbox 752 969 814 1008; x_wconf 88' lang='lat' dir='ltr'><strong>non</strong></span> <span class='ocrx_word' id='word_1_46' title='bbox 837 952 961 1026; x_wconf 87' lang='lat' dir='ltr'><strong>poterit.</strong></span> 
     </span>
    </p>

    <p class='ocr_par' dir='ltr' id='par_1_3' title="bbox 176 1048 1373 3285">
     <span class='ocr_line' id='line_1_8' title="bbox 269 1048 1316 1128; baseline 0 -19"><span class='ocrx_word' id='word_1_47' title='bbox 269 1051 390 1127; x_wconf 85' lang='lat' dir='ltr'><strong>Restat,</strong></span> <span class='ocrx_word' id='word_1_48' title='bbox 424 1059 459 1110; x_wconf 89' lang='lat' dir='ltr'><strong>ut</strong></span> <span class='ocrx_word' id='word_1_49' title='bbox 491 1051 699 1111; x_wconf 86' lang='lat' dir='ltr'><strong>examinemus</strong></span> <span class='ocrx_word' id='word_1_50' title='bbox 732 1053 926 1127; x_wconf 82' lang='lat' dir='ltr'><strong>sententiam,</strong></span> <span class='ocrx_word' id='word_1_51' title='bbox 959 1072 1051 1128; x_wconf 89' lang='lat' dir='ltr'><strong>quam</strong></span> <span class='ocrx_word' id='word_1_52' title='bbox 1084 1070 1183 1128; x_wconf 89' lang='lat' dir='ltr'><strong>nuper</strong></span> <span class='ocrx_word' id='word_1_53' title='bbox 1216 1048 1316 1109; x_wconf 84' lang='lat' dir='ltr'><strong>Gre-</strong></span> 
     </span>
     <span class='ocr_line' id='line_1_9' title="bbox 181 1151 1312 1234; baseline -0.001 -23"><span class='ocrx_word' id='word_1_54' title='bbox 181 1152 321 1229; x_wconf 89' lang='lat' dir='ltr'><strong>gorius</strong></span> <span class='ocrx_word' id='word_1_55' title='bbox 345 1151 591 1234; x_wconf 80' lang='lat' dir='ltr'><strong>Sengerus1)</strong></span> <span class='ocrx_word' id='word_1_56' title='bbox 616 1155 766 1231; x_wconf 85' lang='lat' dir='ltr'><strong>exposuit.</strong></span> <span class='ocrx_word' id='word_1_57' title='bbox 812 1152 872 1225; x_wconf 80' lang='lat' dir='ltr'><strong>Qui</strong></span> <span class='ocrx_word' id='word_1_58' title='bbox 896 1155 1017 1214; x_wconf 89' lang='lat' dir='ltr'><strong>censuit</strong></span> <span class='ocrx_word' id='word_1_59' title='bbox 1039 1153 1095 1213; x_wconf 92' lang='lat' dir='ltr'><strong>hos</strong></span> <span class='ocrx_word' id='word_1_60' title='bbox 1111 1172 1219 1213; x_wconf 89' lang='lat' dir='ltr'><strong>versus</strong></span> <span class='ocrx_word' id='word_1_61' title='bbox 1243 1171 1312 1211; x_wconf 89' lang='lat' dir='ltr'><strong>esse</strong></span> 
     </span>
     <span class='ocr_line' id='line_1_10' title="bbox 182 1254 1315 1334; baseline -0.003 -20"><span class='ocrx_word' id='word_1_62' title='bbox 182 1257 374 1333; x_wconf 89' lang='lat' dir='ltr'><strong>conscriptes</strong></span> <span class='ocrx_word' id='word_1_63' title='bbox 405 1277 422 1314; x_wconf 94' lang='lat' dir='ltr'><strong>a</strong></span> <span class='ocrx_word' id='word_1_64' title='bbox 452 1256 591 1315; x_wconf 87' lang='lat' dir='ltr'><strong>Remmia</strong></span> <span class='ocrx_word' id='word_1_65' title='bbox 621 1256 822 1334; x_wconf 89' lang='lat' dir='ltr'><strong>Palaemona,</strong></span> <span class='ocrx_word' id='word_1_66' title='bbox 852 1256 905 1315; x_wconf 90' lang='lat' dir='ltr'><strong>ille</strong></span> <span class='ocrx_word' id='word_1_67' title='bbox 937 1255 1122 1328; x_wconf 82' lang='lat' dir='ltr'><strong>Quintiliani</strong></span> <span class='ocrx_word' id='word_1_68' title='bbox 1151 1261 1182 1315; x_wconf 90' lang='lat' dir='ltr'><strong>et</strong></span> <span class='ocrx_word' id='word_1_69' title='bbox 1211 1254 1315 1313; x_wconf 90' lang='lat' dir='ltr'><strong>Persii</strong></span> 
     </span>
     <span class='ocr_line' id='line_1_11' title="bbox 179 1355 1313 1436; baseline -0.002 -20"><span class='ocrx_word' id='word_1_70' title='bbox 179 1358 338 1435; x_wconf 83' lang='lat' dir='ltr'><strong>magistre,</strong></span> <span class='ocrx_word' id='word_1_71' title='bbox 362 1378 491 1434; x_wconf 88' lang='lat' dir='ltr'><strong>eumque</strong></span> <span class='ocrx_word' id='word_1_72' title='bbox 521 1359 577 1418; x_wconf 92' lang='lat' dir='ltr'><strong>hos</strong></span> <span class='ocrx_word' id='word_1_73' title='bbox 600 1378 709 1419; x_wconf 88' lang='lat' dir='ltr'><strong>versus</strong></span> <span class='ocrx_word' id='word_1_74' title='bbox 734 1357 855 1419; x_wconf 87' lang='lat' dir='ltr'><strong>fraudis</strong></span> <span class='ocrx_word' id='word_1_75' title='bbox 878 1379 972 1418; x_wconf 91' lang='lat' dir='ltr'><strong>causa</strong></span> <span class='ocrx_word' id='word_1_76' title='bbox 995 1358 1167 1436; x_wconf 89' lang='lat' dir='ltr'><strong>scripsisse.</strong></span> <span class='ocrx_word' id='word_1_77' title='bbox 1212 1355 1313 1428; x_wconf 79' lang='lat' dir='ltr'><strong>Quam</strong></span> 
     </span>
     <span class='ocr_line' id='line_1_12' title="bbox 180 1458 1313 1539; baseline -0.002 -19"><span class='ocrx_word' id='word_1_78' title='bbox 180 1461 366 1520; x_wconf 88' lang='lat' dir='ltr'><strong>sententiam</strong></span> <span class='ocrx_word' id='word_1_79' title='bbox 390 1461 580 1538; x_wconf 86' lang='lat' dir='ltr'><strong>argumentis</strong></span> <span class='ocrx_word' id='word_1_80' title='bbox 596 1464 641 1520; x_wconf 91' lang='lat' dir='ltr'><strong>ita</strong></span> <span class='ocrx_word' id='word_1_81' title='bbox 662 1463 794 1539; x_wconf 90' lang='lat' dir='ltr'><strong>probare</strong></span> <span class='ocrx_word' id='word_1_82' title='bbox 812 1468 941 1522; x_wconf 88' lang='lat' dir='ltr'><strong>conatus</strong></span> <span class='ocrx_word' id='word_1_83' title='bbox 966 1469 1022 1539; x_wconf 86' lang='lat' dir='ltr'><strong>est,</strong></span> <span class='ocrx_word' id='word_1_84' title='bbox 1045 1467 1081 1520; x_wconf 91' lang='lat' dir='ltr'><strong>ut</strong></span> <span class='ocrx_word' id='word_1_85' title='bbox 1102 1461 1185 1520; x_wconf 90' lang='lat' dir='ltr'><strong>hunc</strong></span> <span class='ocrx_word' id='word_1_86' title='bbox 1203 1458 1313 1518; x_wconf 90' lang='lat' dir='ltr'><strong>Palae·</strong></span> 
     </span>
     <span class='ocr_line' id='line_1_13' title="bbox 180 1560 1313 1643; baseline -0.001 -21"><span class='ocrx_word' id='word_1_87' title='bbox 180 1583 301 1623; x_wconf 89' lang='lat' dir='ltr'><strong>monem</strong></span> <span class='ocrx_word' id='word_1_88' title='bbox 331 1568 362 1623; x_wconf 88' lang='lat' dir='ltr'><strong>et</strong></span> <span class='ocrx_word' id='word_1_89' title='bbox 395 1564 539 1625; x_wconf 87' lang='lat' dir='ltr'><strong>idoneum</strong></span> <span class='ocrx_word' id='word_1_90' title='bbox 568 1565 622 1640; x_wconf 90' lang='lat' dir='ltr'><strong>qui</strong></span> <span class='ocrx_word' id='word_1_91' title='bbox 651 1565 731 1623; x_wconf 91' lang='lat' dir='ltr'><strong>hanc</strong></span> <span class='ocrx_word' id='word_1_92' title='bbox 759 1564 1031 1643; x_wconf 89' lang='lat' dir='ltr'><strong>interpolationem</strong></span> <span class='ocrx_word' id='word_1_93' title='bbox 1061 1561 1180 1622; x_wconf 84' lang='lat' dir='ltr'><strong>faceret</strong></span> <span class='ocrx_word' id='word_1_94' title='bbox 1213 1560 1313 1621; x_wconf 89' lang='lat' dir='ltr'><strong>fuisse</strong></span> 
     </span>
     <span class='ocr_line' id='line_1_14' title="bbox 180 1664 1315 1752; baseline -0.002 -28"><span class='ocrx_word' id='word_1_95' title='bbox 180 1664 305 1739; x_wconf 87' lang='lat' dir='ltr'><strong>doceret</strong></span> <span class='ocrx_word' id='word_1_96' title='bbox 327 1674 359 1726; x_wconf 92' lang='grc'><strong>01</strong></span> <span class='ocrx_word' id='word_1_97' title='bbox 380 1669 546 1727; x_wconf 88' lang='lat' dir='ltr'><strong>recentiori</strong></span> <span class='ocrx_word' id='word_1_98' title='bbox 568 1667 752 1745; x_wconf 88' lang='lat' dir='ltr'><strong>disciplinae</strong></span> <span class='ocrx_word' id='word_1_99' title='bbox 778 1667 896 1745; x_wconf 90' lang='lat' dir='ltr'><strong>pariter</strong></span> <span class='ocrx_word' id='word_1_100' title='bbox 919 1673 1014 1743; x_wconf 91' lang='lat' dir='ltr'><strong>atque</strong></span> <span class='ocrx_word' id='word_1_101' title='bbox 1037 1665 1198 1726; x_wconf 87' lang='lat' dir='ltr'><strong>Valerium</strong></span> <span class='ocrx_word' id='word_1_102' title='bbox 1222 1664 1315 1752; x_wconf 84' lang='lat' dir='ltr'><strong>Oete-</strong></span> 
     </span>
     <span class='ocr_line' id='line_1_15' title="bbox 180 1769 1316 1848; baseline -0.002 -20"><span class='ocrx_word' id='word_1_103' title='bbox 180 1789 250 1829; x_wconf 89' lang='lat' dir='ltr'><strong>ncm</strong></span> <span class='ocrx_word' id='word_1_104' title='bbox 285 1770 443 1830; x_wconf 90' lang='lat' dir='ltr'><strong>addictum</strong></span> <span class='ocrx_word' id='word_1_105' title='bbox 477 1790 545 1830; x_wconf 89' lang='lat' dir='ltr'><strong>esse</strong></span> <span class='ocrx_word' id='word_1_106' title='bbox 579 1777 611 1829; x_wconf 87' lang='lat' dir='ltr'><strong>et</strong></span> <span class='ocrx_word' id='word_1_107' title='bbox 643 1769 674 1828; x_wconf 92' lang='lat' dir='ltr'><strong>in</strong></span> <span class='ocrx_word' id='word_1_108' title='bbox 707 1770 827 1846; x_wconf 85' lang='lat' dir='ltr'><strong>equites</strong></span> <span class='ocrx_word' id='word_1_109' title='bbox 861 1771 1081 1848; x_wconf 89' lang='lat' dir='ltr'><strong>grammaticos</strong></span> <span class='ocrx_word' id='word_1_110' title='bbox 1115 1769 1316 1830; x_wconf 88' lang='lat' dir='ltr'><strong>vehementer</strong></span> 
     </span>
     <span class='ocr_line' id='line_1_16' title="bbox 178 1869 1313 1943; baseline -0.002 -13"><span class='ocrx_word' id='word_1_111' title='bbox 178 1875 343 1931; x_wconf 86' lang='lat' dir='ltr'><strong>invectum.</strong></span> <span class='ocrx_word' id='word_1_112' title='bbox 388 1871 478 1943; x_wconf 81' lang='lat' dir='ltr'><strong>Quod</strong></span> <span class='ocrx_word' id='word_1_113' title='bbox 501 1878 606 1931; x_wconf 89' lang='lat' dir='ltr'><strong>autem</strong></span> <span class='ocrx_word' id='word_1_114' title='bbox 627 1873 786 1933; x_wconf 88' lang='lat' dir='ltr'><strong>Remmius</strong></span> <span class='ocrx_word' id='word_1_115' title='bbox 808 1873 977 1933; x_wconf 89' lang='lat' dir='ltr'><strong>Palaemon</strong></span> <span class='ocrx_word' id='word_1_116' title='bbox 1000 1870 1155 1932; x_wconf 92' lang='lat' dir='ltr'><strong>Orbilium</strong></span> <span class='ocrx_word' id='word_1_117' title='bbox 1176 1869 1313 1929; x_wconf 82' lang='lat' dir='ltr'><strong>ludibrio</strong></span> 
     </span>
     <span class='ocr_line' id='line_1_17' title="bbox 179 1973 1314 2052; baseline -0.002 -19"><span class='ocrx_word' id='word_1_118' title='bbox 179 1973 318 2051; x_wconf 89' lang='lat' dir='ltr'><strong>haberet,</strong></span> <span class='ocrx_word' id='word_1_119' title='bbox 348 1975 407 2034; x_wconf 89' lang='lat' dir='ltr'><strong>hae</strong></span> <span class='ocrx_word' id='word_1_120' title='bbox 437 1994 471 2034; x_wconf 91' lang='lat' dir='ltr'><strong>re</strong></span> <span class='ocrx_word' id='word_1_121' title='bbox 505 1975 749 2036; x_wconf 89' lang='lat' dir='ltr'><strong>commodissime</strong></span> <span class='ocrx_word' id='word_1_122' title='bbox 780 1975 968 2036; x_wconf 87' lang='lat' dir='ltr'><strong>invidiosum</strong></span> <span class='ocrx_word' id='word_1_123' title='bbox 991 1975 1152 2052; x_wconf 87' lang='lat' dir='ltr'><strong>aequalem</strong></span> <span class='ocrx_word' id='word_1_124' title='bbox 1174 1973 1314 2032; x_wconf 89' lang='lat' dir='ltr'><strong>Probum</strong></span> 
     </span>
     <span class='ocr_line' id='line_1_18' title="bbox 177 2077 1313 2155; baseline 0 -20"><span class='ocrx_word' id='word_1_125' title='bbox 177 2084 306 2153; x_wconf 89' lang='lat' dir='ltr'><strong>tangere</strong></span> <span class='ocrx_word' id='word_1_126' title='bbox 341 2083 373 2136; x_wconf 94' lang='grc'><strong>01</strong></span> <span class='ocrx_word' id='word_1_127' title='bbox 406 2077 566 2155; x_wconf 90' lang='lat' dir='ltr'><strong>increpare</strong></span> <span class='ocrx_word' id='word_1_128' title='bbox 595 2078 739 2138; x_wconf 88' lang='lat' dir='ltr'><strong>voluisse.</strong></span> <span class='ocrx_word' id='word_1_129' title='bbox 792 2078 855 2137; x_wconf 78' lang='lat' dir='ltr'><strong>Sed</strong></span> <span class='ocrx_word' id='word_1_130' title='bbox 886 2099 959 2137; x_wconf 92' lang='lat' dir='ltr'><strong>num</strong></span> <span class='ocrx_word' id='word_1_131' title='bbox 989 2078 1067 2137; x_wconf 91' lang='lat' dir='ltr'><strong>haec</strong></span> <span class='ocrx_word' id='word_1_132' title='bbox 1096 2077 1198 2140; x_wconf 90' lang='lat' dir='ltr'><strong>emnia</strong></span> <span class='ocrx_word' id='word_1_133' title='bbox 1228 2080 1313 2136; x_wconf 89' lang='lat' dir='ltr'><strong>reete</strong></span> 
     </span>
     <span class='ocr_line' id='line_1_19' title="bbox 181 2179 1314 2258; baseline -0.002 -20"><span class='ocrx_word' id='word_1_134' title='bbox 181 2179 342 2257; x_wconf 87' lang='lat' dir='ltr'><strong>disputata</strong></span> <span class='ocrx_word' id='word_1_135' title='bbox 387 2179 467 2258; x_wconf 88' lang='lat' dir='ltr'><strong>sint,</strong></span> <span class='ocrx_word' id='word_1_136' title='bbox 517 2180 645 2240; x_wconf 90' lang='lat' dir='ltr'><strong>dubium</strong></span> <span class='ocrx_word' id='word_1_137' title='bbox 687 2181 764 2239; x_wconf 90' lang='lat' dir='ltr'><strong>mihi</strong></span> <span class='ocrx_word' id='word_1_138' title='bbox 807 2201 876 2242; x_wconf 89' lang='lat' dir='ltr'><strong>esse</strong></span> <span class='ocrx_word' id='word_1_139' title='bbox 919 2180 1051 2241; x_wconf 90' lang='lat' dir='ltr'><strong>videtur.</strong></span> <span class='ocrx_word' id='word_1_140' title='bbox 1119 2179 1314 2255; x_wconf 81' lang='lat' dir='ltr'><strong>Quamquam</strong></span> 
     </span>
     <span class='ocr_line' id='line_1_20' title="bbox 179 2280 1373 2362; baseline -0.001 -22"><span class='ocrx_word' id='word_1_141' title='bbox 179 2280 213 2353; x_wconf 82' lang='lat' dir='ltr'><strong>Q.</strong></span> <span class='ocrx_word' id='word_1_142' title='bbox 236 2280 410 2342; x_wconf 89' lang='lat' dir='ltr'><strong>Remmium</strong></span> <span class='ocrx_word' id='word_1_143' title='bbox 433 2284 649 2343; x_wconf 86' lang='lat' dir='ltr'><strong>Palaemonem</strong></span> <span class='ocrx_word' id='word_1_144' title='bbox 679 2284 849 2362; x_wconf 89' lang='lat' dir='ltr'><strong>principem</strong></span> <span class='ocrx_word' id='word_1_145' title='bbox 879 2284 970 2362; x_wconf 90' lang='lat' dir='ltr'><strong>primi</strong></span> <span class='ocrx_word' id='word_1_146' title='bbox 992 2305 1021 2362; x_wconf 93' lang='lat' dir='ltr'><strong>p.</strong></span> <span class='ocrx_word' id='word_1_147' title='bbox 1045 2282 1116 2342; x_wconf 75' lang='lat' dir='ltr'><strong>Chr.</strong></span> <span class='ocrx_word' id='word_1_148' title='bbox 1138 2303 1168 2341; x_wconf 88' lang='lat' dir='ltr'><strong>n.</strong></span> <span class='ocrx_word' id='word_1_149' title='bbox 1190 2280 1309 2341; x_wconf 84' lang='lat' dir='ltr'><strong>saeculi</strong></span> <span class='ocrx_word' id='word_1_150' title='bbox 1368 2318 1373 2325; x_wconf 73' lang='lat'><em>‹</em></span> 
     </span>
     <span class='ocr_line' id='line_1_21' title="bbox 176 2382 1308 2466; baseline 0.002 -24"><span class='ocrx_word' id='word_1_151' title='bbox 176 2389 412 2461; x_wconf 89' lang='lat' dir='ltr'><strong>grammaticum</strong></span> <span class='ocrx_word' id='word_1_152' title='bbox 449 2389 481 2446; x_wconf 90' lang='lat' dir='ltr'><strong>in</strong></span> <span class='ocrx_word' id='word_1_153' title='bbox 520 2387 626 2447; x_wconf 88' lang='lat' dir='ltr'><strong>schola</strong></span> <span class='ocrx_word' id='word_1_154' title='bbox 673 2389 808 2448; x_wconf 88' lang='lat' dir='ltr'><strong>carmina</strong></span> <span class='ocrx_word' id='word_1_155' title='bbox 845 2387 970 2447; x_wconf 89' lang='lat' dir='ltr'><strong>Horatii</strong></span> <span class='ocrx_word' id='word_1_156' title='bbox 1005 2386 1194 2466; x_wconf 83' lang='lat' dir='ltr'><strong>praelegisse</strong></span> <span class='ocrx_word' id='word_1_157' title='bbox 1233 2382 1308 2444; x_wconf 90' lang='lat' dir='ltr'><strong>inde</strong></span> 
     </span>
     <span class='ocr_line' id='line_1_22' title="bbox 180 2487 1311 2568; baseline 0.001 -22"><span class='ocrx_word' id='word_1_158' title='bbox 180 2487 307 2567; x_wconf 92' lang='lat' dir='ltr'><strong>conicio,</strong></span> <span class='ocrx_word' id='word_1_159' title='bbox 330 2491 421 2567; x_wconf 93' lang='lat' dir='ltr'><strong>quod,</strong></span> <span class='ocrx_word' id='word_1_160' title='bbox 445 2494 497 2567; x_wconf 89' lang='lat' dir='ltr'><strong>qui</strong></span> <span class='ocrx_word' id='word_1_161' title='bbox 514 2491 596 2568; x_wconf 91' lang='lat' dir='ltr'><strong>apud</strong></span> <span class='ocrx_word' id='word_1_162' title='bbox 619 2493 721 2568; x_wconf 90' lang='lat' dir='ltr'><strong>ipsum</strong></span> <span class='ocrx_word' id='word_1_163' title='bbox 744 2491 964 2568; x_wconf 87' lang='lat' dir='ltr'><strong>grammaticae</strong></span> <span class='ocrx_word' id='word_1_164' title='bbox 986 2490 1158 2566; x_wconf 89' lang='lat' dir='ltr'><strong>studuerat,</strong></span> <span class='ocrx_word' id='word_1_165' title='bbox 1182 2488 1311 2547; x_wconf 89' lang='lat' dir='ltr'><strong>Persius</strong></span> 
     </span>
     <span class='ocr_line' id='line_1_23' title="bbox 178 2589 1312 2672; baseline -0.001 -24"><span class='ocrx_word' id='word_1_166' title='bbox 178 2597 270 2666; x_wconf 90' lang='lat' dir='ltr'><strong>peeta</strong></span> <span class='ocrx_word' id='word_1_167' title='bbox 305 2591 471 2653; x_wconf 90' lang='lat' dir='ltr'><strong>Horatium</strong></span> <span class='ocrx_word' id='word_1_168' title='bbox 503 2597 635 2654; x_wconf 88' lang='lat' dir='ltr'><strong>maxime</strong></span> <span class='ocrx_word' id='word_1_169' title='bbox 668 2597 808 2654; x_wconf 89' lang='lat' dir='ltr'><strong>imitatus</strong></span> <span class='ocrx_word' id='word_1_170' title='bbox 841 2602 905 2672; x_wconf 91' lang='lat' dir='ltr'><strong>est,</strong></span> <span class='ocrx_word' id='word_1_171' title='bbox 939 2602 970 2654; x_wconf 90' lang='lat' dir='ltr'><strong>et</strong></span> <span class='ocrx_word' id='word_1_172' title='bbox 1002 2597 1103 2670; x_wconf 91' lang='lat' dir='ltr'><strong>ipsum</strong></span> <span class='ocrx_word' id='word_1_173' title='bbox 1137 2589 1312 2652; x_wconf 89' lang='lat' dir='ltr'><strong>Remmium</strong></span> 
     </span>
     <span class='ocr_line' id='line_1_24' title="bbox 179 2692 1311 2770; baseline -0.001 -19"><span class='ocrx_word' id='word_1_174' title='bbox 179 2692 272 2752; x_wconf 88' lang='lat' dir='ltr'><strong>etiam</strong></span> <span class='ocrx_word' id='word_1_175' title='bbox 295 2695 482 2755; x_wconf 88' lang='lat' dir='ltr'><strong>aemulatum</strong></span> <span class='ocrx_word' id='word_1_176' title='bbox 499 2717 567 2757; x_wconf 90' lang='lat' dir='ltr'><strong>asse</strong></span> <span class='ocrx_word' id='word_1_177' title='bbox 590 2700 622 2757; x_wconf 89' lang='lat' dir='ltr'><strong>in</strong></span> <span class='ocrx_word' id='word_1_178' title='bbox 641 2717 675 2757; x_wconf 90' lang='grc'><strong>00</strong></span> <span class='ocrx_word' id='word_1_179' title='bbox 690 2699 820 2757; x_wconf 88' lang='lat' dir='ltr'><strong>metrica</strong></span> <span class='ocrx_word' id='word_1_180' title='bbox 835 2697 1001 2756; x_wconf 90' lang='lat' dir='ltr'><strong>Horatium</strong></span> <span class='ocrx_word' id='word_1_181' title='bbox 1017 2695 1149 2755; x_wconf 82' lang='lat' dir='ltr'><strong>fortasse</strong></span> <span class='ocrx_word' id='word_1_182' title='bbox 1164 2692 1311 2770; x_wconf 89' lang='lat' dir='ltr'><strong>colligere</strong></span> 
     </span>
     <span class='ocr_line' id='line_1_25' title="bbox 178 2779 1311 2877; baseline 0 -23"><span class='ocrx_word' id='word_1_183' title='bbox 178 2795 287 2856; x_wconf 88' lang='lat' dir='ltr'><strong>licebit</strong></span> <span class='ocrx_word' id='word_1_184' title='bbox 310 2817 326 2857; x_wconf 92' lang='grc'><strong>0</strong></span> <span class='ocrx_word' id='word_1_185' title='bbox 350 2779 489 2858; x_wconf 84' lang='lat' dir='ltr'><strong>Suetonii</strong></span> <span class='ocrx_word' id='word_1_186' title='bbox 512 2801 633 2861; x_wconf 89' lang='lat' dir='ltr'><strong>verbis:</strong></span> <span class='ocrx_word' id='word_1_187' title='bbox 659 2800 803 2877; x_wconf 88' lang='lat' dir='ltr'><strong>„scripsit</strong></span> <span class='ocrx_word' id='word_1_188' title='bbox 825 2819 898 2860; x_wconf 89' lang='lat' dir='ltr'><strong>vere</strong></span> <span class='ocrx_word' id='word_1_189' title='bbox 922 2801 1018 2859; x_wconf 89' lang='lat' dir='ltr'><strong>variis</strong></span> <span class='ocrx_word' id='word_1_190' title='bbox 1048 2818 1106 2858; x_wconf 89' lang='lat' dir='ltr'><strong>nec</strong></span> <span class='ocrx_word' id='word_1_191' title='bbox 1128 2795 1311 2873; x_wconf 85' lang='lat' dir='ltr'><strong>vulgaribus</strong></span> 
     </span>
     <span class='ocr_line' id='line_1_26' title="bbox 178 2899 1311 2981; baseline 0.002 -24"><span class='ocrx_word' id='word_1_192' title='bbox 178 2901 315 2978; x_wconf 85' lang='lat' dir='ltr'><strong>metris“,</strong></span> <span class='ocrx_word' id='word_1_193' title='bbox 359 2909 464 2961; x_wconf 90' lang='lat' dir='ltr'><strong>tamen</strong></span> <span class='ocrx_word' id='word_1_194' title='bbox 500 2902 580 2962; x_wconf 89' lang='lat' dir='ltr'><strong>hanc</strong></span> <span class='ocrx_word' id='word_1_195' title='bbox 619 2902 747 2979; x_wconf 83' lang='lat' dir='ltr'><strong>Sengeri</strong></span> <span class='ocrx_word' id='word_1_196' title='bbox 783 2905 989 2981; x_wconf 87' lang='lat' dir='ltr'><strong>suspicionem</strong></span> <span class='ocrx_word' id='word_1_197' title='bbox 1033 2901 1124 2961; x_wconf 90' lang='lat' dir='ltr'><strong>nimis</strong></span> <span class='ocrx_word' id='word_1_198' title='bbox 1162 2899 1311 2959; x_wconf 88' lang='lat' dir='ltr'><strong>audacem</strong></span> 
     </span>
     <span class='ocr_line' id='line_1_27' title="bbox 178 3004 1309 3083; baseline 0.001 -23"><span class='ocrx_word' id='word_1_199' title='bbox 178 3021 246 3062; x_wconf 90' lang='grc'>0000</span> <span class='ocrx_word' id='word_1_200' title='bbox 280 3006 395 3082; x_wconf 88' lang='lat' dir='ltr'><strong>opinor,</strong></span> <span class='ocrx_word' id='word_1_201' title='bbox 432 3005 515 3081; x_wconf 90' lang='lat' dir='ltr'><strong>qued</strong></span> <span class='ocrx_word' id='word_1_202' title='bbox 544 3025 643 3083; x_wconf 86' lang='lat' dir='ltr'><strong>neque</strong></span> <span class='ocrx_word' id='word_1_203' title='bbox 672 3004 833 3083; x_wconf 91' lang='lat' dir='ltr'><strong>probabile</strong></span> <span class='ocrx_word' id='word_1_204' title='bbox 871 3013 918 3064; x_wconf 91' lang='lat' dir='ltr'><strong>est</strong></span> <span class='ocrx_word' id='word_1_205' title='bbox 947 3005 1164 3064; x_wconf 89' lang='lat' dir='ltr'><strong>Palaemonem</strong></span> <span class='ocrx_word' id='word_1_206' title='bbox 1200 3020 1309 3061; x_wconf 90' lang='lat' dir='ltr'><strong>versus</strong></span> 
     </span>
     <span class='ocr_line' id='line_1_28' title="bbox 179 3103 1311 3185; baseline -0.001 -23"><span class='ocrx_word' id='word_1_207' title='bbox 179 3103 298 3166; x_wconf 84' lang='lat' dir='ltr'><strong>fraudis</strong></span> <span class='ocrx_word' id='word_1_208' title='bbox 330 3127 423 3167; x_wconf 91' lang='lat' dir='ltr'><strong>causa</strong></span> <span class='ocrx_word' id='word_1_209' title='bbox 453 3107 662 3185; x_wconf 87' lang='lat' dir='ltr'><strong>composuisse</strong></span> <span class='ocrx_word' id='word_1_210' title='bbox 693 3125 793 3182; x_wconf 88' lang='lat' dir='ltr'><strong>neque</strong></span> <span class='ocrx_word' id='word_1_211' title='bbox 824 3114 954 3184; x_wconf 89' lang='lat' dir='ltr'><strong>apparet</strong></span> <span class='ocrx_word' id='word_1_212' title='bbox 984 3105 1035 3165; x_wconf 91' lang='lat' dir='ltr'><strong>hic</strong></span> <span class='ocrx_word' id='word_1_213' title='bbox 1070 3113 1151 3165; x_wconf 88' lang='grc'>10010</span> <span class='ocrx_word' id='word_1_214' title='bbox 1173 3104 1311 3163; x_wconf 90' lang='lat' dir='ltr'><strong>Probum</strong></span> 
     </span>
     <span class='ocr_line' id='line_1_29' title="bbox 179 3216 417 3285; baseline 0.008 -18"><span class='ocrx_word' id='word_1_215' title='bbox 179 3216 319 3285; x_wconf 85' lang='lat' dir='ltr'><strong>carptum</strong></span> <span class='ocrx_word' id='word_1_216' title='bbox 343 3230 417 3271; x_wconf 89' lang='lat' dir='ltr'><strong>esse.</strong></span> 
     </span>
    </p>

    <p class='ocr_par' dir='ltr' id='par_1_4' title="bbox 178 3310 1310 3888">
     <span class='ocr_line' id='line_1_30' title="bbox 264 3310 1310 3390; baseline 0.002 -22"><span class='ocrx_word' id='word_1_217' title='bbox 264 3311 406 3373; x_wconf 86' lang='lat' dir='ltr'><strong>Diversis</strong></span> <span class='ocrx_word' id='word_1_218' title='bbox 438 3313 535 3390; x_wconf 91' lang='lat' dir='ltr'><strong>igitur</strong></span> <span class='ocrx_word' id='word_1_219' title='bbox 568 3313 746 3372; x_wconf 89' lang='lat' dir='ltr'><strong>criticorum</strong></span> <span class='ocrx_word' id='word_1_220' title='bbox 779 3310 817 3371; x_wconf 90' lang='lat' dir='ltr'><strong>de</strong></span> <span class='ocrx_word' id='word_1_221' title='bbox 856 3316 982 3370; x_wconf 90' lang='lat' dir='ltr'><strong>auctore</strong></span> <span class='ocrx_word' id='word_1_222' title='bbox 1018 3312 1128 3370; x_wconf 93' lang='lat' dir='ltr'><strong>herum</strong></span> <span class='ocrx_word' id='word_1_223' title='bbox 1164 3329 1310 3371; x_wconf 83' lang='lat' dir='ltr'><strong>versuum</strong></span> 
     </span>
     <span class='ocr_line' id='line_1_31' title="bbox 180 3412 1309 3493; baseline 0 -22"><span class='ocrx_word' id='word_1_224' title='bbox 180 3412 304 3473; x_wconf 86' lang='lat' dir='ltr'><strong>iudiciis</strong></span> <span class='ocrx_word' id='word_1_225' title='bbox 329 3417 511 3476; x_wconf 87' lang='lat' dir='ltr'><strong>examinatis</strong></span> <span class='ocrx_word' id='word_1_226' title='bbox 541 3421 670 3493; x_wconf 87' lang='lat' dir='ltr'><strong>apparet</strong></span> <span class='ocrx_word' id='word_1_227' title='bbox 699 3414 777 3474; x_wconf 91' lang='lat' dir='ltr'><strong>nulli</strong></span> <span class='ocrx_word' id='word_1_228' title='bbox 800 3414 902 3474; x_wconf 88' lang='lat' dir='ltr'><strong>adhuc</strong></span> <span class='ocrx_word' id='word_1_229' title='bbox 924 3414 1099 3492; x_wconf 89' lang='lat' dir='ltr'><strong>contigisse,</strong></span> <span class='ocrx_word' id='word_1_230' title='bbox 1129 3420 1163 3472; x_wconf 91' lang='lat' dir='ltr'><strong>ut</strong></span> <span class='ocrx_word' id='word_1_231' title='bbox 1186 3413 1309 3473; x_wconf 92' lang='lat' dir='ltr'><strong>demon·</strong></span> 
     </span>
     <span class='ocr_line' id='line_1_32' title="bbox 183 3514 1310 3594; baseline -0.001 -20"><span class='ocrx_word' id='word_1_232' title='bbox 183 3520 303 3594; x_wconf 86' lang='lat' dir='ltr'><strong>strarct,</strong></span> <span class='ocrx_word' id='word_1_233' title='bbox 326 3520 466 3593; x_wconf 89' lang='lat' dir='ltr'><strong>quisnam</strong></span> <span class='ocrx_word' id='word_1_234' title='bbox 489 3519 548 3578; x_wconf 88' lang='lat' dir='ltr'><strong>hoc</strong></span> <span class='ocrx_word' id='word_1_235' title='bbox 571 3517 729 3578; x_wconf 86' lang='lat' dir='ltr'><strong>exordium</strong></span> <span class='ocrx_word' id='word_1_236' title='bbox 752 3515 928 3576; x_wconf 90' lang='lat' dir='ltr'><strong>confecerit.</strong></span> <span class='ocrx_word' id='word_1_237' title='bbox 971 3516 1012 3576; x_wconf 85' lang='lat' dir='ltr'><strong>Et</strong></span> <span class='ocrx_word' id='word_1_238' title='bbox 1034 3517 1177 3592; x_wconf 89' lang='lat' dir='ltr'><strong>equidem</strong></span> <span class='ocrx_word' id='word_1_239' title='bbox 1210 3514 1310 3574; x_wconf 86' lang='lat' dir='ltr'><strong>fateor</strong></span> 
     </span>
     <span class='ocr_line' id='line_1_33' title="bbox 180 3618 1310 3682; baseline 0.001 -5"><span class='ocrx_word' id='word_1_240' title='bbox 180 3638 228 3678; x_wconf 90' lang='lat' dir='ltr'><strong>me</strong></span> <span class='ocrx_word' id='word_1_241' title='bbox 261 3618 377 3680; x_wconf 84' lang='lat' dir='ltr'><strong>frustra</strong></span> <span class='ocrx_word' id='word_1_242' title='bbox 412 3631 554 3682; x_wconf 90' lang='lat' dir='ltr'><strong>cenatum</strong></span> <span class='ocrx_word' id='word_1_243' title='bbox 587 3641 655 3681; x_wconf 89' lang='lat' dir='ltr'><strong>assa</strong></span> <span class='ocrx_word' id='word_1_244' title='bbox 687 3620 802 3681; x_wconf 93' lang='lat' dir='ltr'><strong>nedum</strong></span> <span class='ocrx_word' id='word_1_245' title='bbox 833 3621 960 3680; x_wconf 88' lang='lat' dir='ltr'><strong>solvere.</strong></span> <span class='ocrx_word' id='word_1_246' title='bbox 1006 3618 1179 3678; x_wconf 90' lang='lat' dir='ltr'><strong>Obscurum</strong></span> <span class='ocrx_word' id='word_1_247' title='bbox 1209 3618 1310 3678; x_wconf 92' lang='lat' dir='ltr'><strong>adhue</strong></span> 
     </span>
     <span class='ocr_line' id='line_1_34' title="bbox 179 3722 1310 3803; baseline -0.002 -22"><span class='ocrx_word' id='word_1_248' title='bbox 179 3729 227 3781; x_wconf 86' lang='lat' dir='ltr'><strong>ast</strong></span> <span class='ocrx_word' id='word_1_249' title='bbox 260 3742 442 3801; x_wconf 89' lang='lat' dir='ltr'><strong>semperque</strong></span> <span class='ocrx_word' id='word_1_250' title='bbox 476 3729 584 3803; x_wconf 89' lang='lat' dir='ltr'><strong>opiner</strong></span> <span class='ocrx_word' id='word_1_251' title='bbox 617 3725 781 3785; x_wconf 88' lang='lat' dir='ltr'><strong>obscurum</strong></span> <span class='ocrx_word' id='word_1_252' title='bbox 813 3722 961 3798; x_wconf 87' lang='lat' dir='ltr'><strong>manebit,</strong></span> <span class='ocrx_word' id='word_1_253' title='bbox 999 3723 1141 3797; x_wconf 87' lang='lat' dir='ltr'><strong>quisnam</strong></span> <span class='ocrx_word' id='word_1_254' title='bbox 1174 3723 1310 3798; x_wconf 89' lang='lat' dir='ltr'><strong>scriptor</strong></span> 
     </span>
     <span class='ocr_line' id='line_1_35' title="bbox 178 3824 579 3888; baseline 0.012 -5"><span class='ocrx_word' id='word_1_255' title='bbox 178 3824 287 3884; x_wconf 92' lang='lat' dir='ltr'><strong>horum</strong></span> <span class='ocrx_word' id='word_1_256' title='bbox 310 3847 454 3887; x_wconf 87' lang='lat' dir='ltr'><strong>versuum</strong></span> <span class='ocrx_word' id='word_1_257' title='bbox 476 3826 579 3888; x_wconf 73' lang='lat' dir='ltr'><strong>fuerit,</strong></span> 
     </span>
    </p>
   </div>
   <div class='ocr_carea' id='block_1_3' title="bbox 181 3944 1308 4128">
    <p class='ocr_par' dir='ltr' id='par_1_5' title="bbox 181 3944 1308 4128">
     <span class='ocr_line' id='line_1_36' title="bbox 265 3944 1306 4023; baseline -0.001 -20"><span class='ocrx_word' id='word_1_258' title='bbox 265 3946 356 4023; x_wconf 64' lang='lat'><strong>§23</strong></span> <span class='ocrx_word' id='word_1_259' title='bbox 401 3946 463 4006; x_wconf 84' lang='lat' dir='ltr'><strong>Sed</strong></span> <span class='ocrx_word' id='word_1_260' title='bbox 478 3955 582 4007; x_wconf 86' lang='lat' dir='ltr'><strong>tamen</strong></span> <span class='ocrx_word' id='word_1_261' title='bbox 596 3967 658 4007; x_wconf 90' lang='lat' dir='ltr'><strong>nen</strong></span> <span class='ocrx_word' id='word_1_262' title='bbox 673 3946 752 4006; x_wconf 92' lang='lat' dir='ltr'><strong>nihil</strong></span> <span class='ocrx_word' id='word_1_263' title='bbox 767 3945 889 4006; x_wconf 91' lang='lat' dir='ltr'><strong>scimus.</strong></span> <span class='ocrx_word' id='word_1_264' title='bbox 933 3944 1000 4005; x_wconf 89' lang='lat' dir='ltr'><strong>Hos</strong></span> <span class='ocrx_word' id='word_1_265' title='bbox 1016 3963 1124 4004; x_wconf 88' lang='lat' dir='ltr'><strong>versus</strong></span> <span class='ocrx_word' id='word_1_266' title='bbox 1141 3944 1179 4003; x_wconf 91' lang='lat' dir='ltr'><strong>ab</strong></span> <span class='ocrx_word' id='word_1_267' title='bbox 1204 3945 1306 4020; x_wconf 91' lang='lat' dir='ltr'><strong>aliquo</strong></span> 
     </span>
     <span class='ocr_line' id='line_1_37' title="bbox 181 4044 1308 4128; baseline -0.003 -20"><span class='ocrx_word' id='word_1_268' title='bbox 181 4047 306 4108; x_wconf 85' lang='lat' dir='ltr'><strong>Oatonis</strong></span> <span class='ocrx_word' id='word_1_269' title='bbox 330 4050 459 4127; x_wconf 88' lang='lat' dir='ltr'><strong>aequali,</strong></span> <span class='ocrx_word' id='word_1_270' title='bbox 483 4050 536 4126; x_wconf 94' lang='lat' dir='ltr'><strong>qui</strong></span> <span class='ocrx_word' id='word_1_271' title='bbox 565 4054 684 4128; x_wconf 90' lang='lat' dir='ltr'><strong>pariter</strong></span> <span class='ocrx_word' id='word_1_272' title='bbox 706 4058 798 4125; x_wconf 86' lang='lat' dir='ltr'><strong>atque</strong></span> <span class='ocrx_word' id='word_1_273' title='bbox 820 4046 970 4107; x_wconf 91' lang='lat' dir='ltr'><strong>Horatius</strong></span> <span class='ocrx_word' id='word_1_274' title='bbox 993 4048 1087 4107; x_wconf 88' lang='lat' dir='ltr'><strong>durae</strong></span> <span class='ocrx_word' id='word_1_275' title='bbox 1115 4047 1162 4104; x_wconf 90' lang='lat' dir='ltr'><strong>illi</strong></span> <span class='ocrx_word' id='word_1_276' title='bbox 1184 4053 1216 4106; x_wconf 90' lang='lat' dir='ltr'><strong>et</strong></span> <span class='ocrx_word' id='word_1_277' title='bbox 1237 4044 1308 4106; x_wconf 89' lang='lat' dir='ltr'><strong>rudi</strong></span> 
     </span>
    </p>
   </div>
   <div class='ocr_carea' id='block_1_4' title="bbox 265 4246 1307 4322">
    <p class='ocr_par' dir='ltr' id='par_1_6' title="bbox 265 4246 1307 4322">
     <span class='ocr_line' id='line_1_38' title="bbox 265 4246 1307 4322; baseline -0.004 -18"><span class='ocrx_word' id='word_1_278' title='bbox 265 4253 292 4319; x_wconf 92' lang='lat'><strong>1)</strong></span> <span class='ocrx_word' id='word_1_279' title='bbox 310 4250 492 4306; x_wconf 87' lang='lat' dir='ltr'><strong>Kommentar</strong></span> <span class='ocrx_word' id='word_1_280' title='bbox 508 4268 543 4305; x_wconf 88' lang='lat' dir='ltr'><strong>zu</strong></span> <span class='ocrx_word' id='word_1_281' title='bbox 561 4251 666 4322; x_wconf 89' lang='lat' dir='ltr'><strong>einigen</strong></span> <span class='ocrx_word' id='word_1_282' title='bbox 684 4250 824 4321; x_wconf 86' lang='lat' dir='ltr'><strong>straitigen</strong></span> <span class='ocrx_word' id='word_1_283' title='bbox 842 4248 1042 4316; x_wconf 88' lang='lat' dir='ltr'><strong>Herazstellen,</strong></span> <span class='ocrx_word' id='word_1_284' title='bbox 1060 4246 1214 4303; x_wconf 88' lang='lat' dir='ltr'><strong>Warschau</strong></span> <span class='ocrx_word' id='word_1_285' title='bbox 1232 4246 1307 4302; x_wconf 82' lang='lat'><strong>1895.</strong></span> 
     </span>
    </p>
   </div>
   <div class='ocr_carea' id='block_1_5' title="bbox 0 0 1482 4822">
    <p class='ocr_par' dir='ltr' id='par_1_7' title="bbox 0 0 1482 4822">
     <span class='ocr_line' id='line_1_39' title="bbox 0 0 1482 4822; baseline 0 0"><span class='ocrx_word' id='word_1_286' title='bbox 0 0 1482 4822; x_wconf 95' lang='lat' dir='ltr'><strong> </strong></span> 
     </span>
    </p>
   </div>
  </div>
 </body>
</html>
