2956 4822
634 300 846 364 ..21-

170 474 212 533 ab
236 473 368 532 Horatio
392 471 627 532 adulescentulo
651 469 775 548 factum,
797 472 852 530 sed
876 491 894 530 a
917 478 1010 549 poeta
1033 479 1136 531 aetate
1159 479 1310 549 provecto

169 584 203 636 ct
227 576 360 652 excult0,
384 573 499 651 quippe
522 573 576 650 qui
597 573 659 633 sibi
681 582 853 652 temperare
876 573 1046 651 didicisset,
1068 582 1222 633 resectum
1238 591 1308 633 esse

172 679 364 759 opinantur?
390 678 493 750 Quid?
510 677 593 754 quod
609 677 663 738 alii
677 685 742 738 tam
757 676 890 738 audaces
906 680 938 736 in
955 677 1141 737 coniecturis
1156 675 1309 736 faciendis

169 791 263 858 sunt,
294 788 329 840 ut
362 781 497 858 equitem
519 781 733 841 Maecenatem
764 790 912 840 censeant
934 780 1061 856 indigne
1083 780 1203 857 tulisse,
1226 775 1308 856 quod

172 886 325 945 Horatius
348 885 442 943 aliurn
465 882 600 960 equitem
623 885 700 942 satis
724 883 835 943 acerbe
858 882 1147 960 „grammaticorum
1170 881 1309 958 equitum

168 987 401 1047 doctissimum“
415 984 645 1064 appellavisset,
668 993 852 1062 poetamque
867 984 1036 1063 impulisse,
1059 992 1094 1044 ut
1109 986 1218 1045 versus'
1233 984 1304 1044 illos
1331 1013 1334 1016 >

172 1090 314 1150 deleret?

260 1227 279 1304 ξ
303 1228 330 1285 9.
375 1223 444 1302 Age
477 1224 538 1284 iam
569 1221 788 1301 aggrediamur
818 1224 857 1283 ad
886 1224 942 1284 hos
971 1231 1039 1284 octo
1063 1244 1172 1285 versus
1196 1227 1309 1283 exami-

172 1330 303 1396 nandos.
347 1328 453 1404 Atque
477 1347 511 1386 eo
535 1331 711 1387 accuratius
733 1326 823 1386 nobis
845 1327 904 1386 hoc
927 1327 1144 1404 gravissimum
1159 1333 1309 1387 retracta-

171 1432 269 1492 tionis
291 1429 460 1508 vestigium
482 1429 734 1507 perlustrandum
757 1437 820 1507 est,
850 1429 941 1506 quod,
964 1429 1024 1489 nisi
1046 1428 1105 1488 hoc
1128 1430 1311 1506 exstitisset,

175 1533 281 1593 nescio
304 1553 342 1592 an
365 1552 532 1609 numquam
555 1532 786 1592 retractationis
809 1535 944 1609 suspicio
968 1540 1036 1592 orta
1059 1542 1150 1592 esset.

263 1653 310 1713 Ac
339 1652 471 1731 primum
502 1652 626 1729 quidem
657 1653 694 1712 de
725 1657 882 1712 vetustate
912 1652 1037 1712 illorum
1059 1672 1205 1712 versuum
1234 1651 1311 1729 quid

176 1756 344 1816 dicendum
374 1755 416 1816 sit
453 1774 606 1833 exponere
644 1775 721 1833 opus
761 1762 816 1814 est.
869 1754 968 1826 Quam
1000 1758 1152 1814 rationem
1185 1756 1310 1814 maximi

136 1907 138 1910 ,
172 1857 322 1919 momenti
352 1878 420 1918 esse
458 1857 497 1917 ad
533 1863 670 1918 nostram
702 1857 913 1933 quaestionem
951 1856 1181 1917 diiudicandum
1217 1877 1306 1917 nemo

175 1983 237 2021 non
261 1960 356 2021 videt.
399 1961 504 2036 Atque
534 1960 566 2019 in
596 1959 729 2036 singulis
758 1959 862 2019 verbis
893 1968 924 2019 et
953 1959 984 2018 in
1016 1959 1174 2019 scribendi
1196 1979 1310 2037 genere

174 2065 254 2124 nihil
277 2068 368 2140 inest,
391 2063 473 2139 quod
497 2063 537 2121 ab
552 2063 690 2139 Augusti
712 2068 885 2140 temporum
902 2062 1125 2122 consuetudine
1143 2063 1310 2122 abhorrere

177 2168 330 2229 videatur.
375 2166 413 2224 In
447 2186 506 2243 quo
538 2165 652 2225 iudicio
685 2164 749 2225 fere
780 2185 884 2225 omnes
916 2173 1079 2225 emunctae
1101 2165 1186 2225 naris
1210 2167 1311 2227 critici

174 2269 384 2344 consentiunt,
416 2268 468 2344 qui
498 2267 536 2327 de
559 2267 608 2327 his
630 2269 773 2328 versibus
798 2266 1046 2345 disputaverunt.
1093 2266 1175 2338 Quin
1198 2267 1234 2345 ei,
1258 2266 1311 2344 qui

179 2373 237 2432 hoc
253 2371 442 2450 prooemium
458 2370 597 2448 spurium
613 2391 681 2431 esse
704 2371 892 2448 existimant,
916 2370 993 2429 miro
1010 2372 1143 2446 quodam
1160 2390 1312 2431 consensu

176 2476 323 2535 arbitrati
355 2482 428 2533 sunt
457 2473 513 2533 hos
537 2493 645 2533 versus
676 2473 790 2533 habere
823 2472 955 2533 colorem
982 2472 1179 2548 antiquitatis
1209 2493 1310 2551 neque

176 2580 344 2656 quicquam
374 2576 413 2635 ab
444 2595 556 2635 aureae
586 2576 700 2636 aetatis
724 2576 878 2635 latinitate
909 2582 941 2635 et
974 2575 1098 2653 ingenio
1130 2575 1312 2653 discrepans

176 2681 287 2742 videri.
331 2681 462 2739 Praeter
491 2679 733 2738 Lambinum
763 2699 801 2738 ne
831 2699 910 2739 unus
941 2677 1065 2755 quidem
1089 2678 1226 2756 exstitit,
1257 2678 1311 2755 qui

177 2805 288 2846 versus
317 2782 500 2844 recentioris
542 2800 611 2841 esse
649 2781 778 2858 originis
809 2780 996 2842 contendere
1031 2781 1168 2841 auderet.
1224 2780 1307 2842 Huic

174 2896 281 2946 autem
304 2886 369 2947 viro
393 2885 494 2965 docto,
519 2887 571 2961 qui
595 2891 700 2944 censet
722 2904 832 2944 versus
854 2884 969 2944 habere
992 2884 1071 2943 nihil
1090 2883 1254 2943 Horatiani
1278 2889 1310 2943 et

176 2999 251 3049 ante
275 2987 519 3065 quadringentos
542 2985 607 3046 fere
631 3007 726 3046 anuos
743 3007 811 3047 esse
828 2986 1022 3065 compositos,
1044 3006 1153 3046 vereor
1167 3006 1206 3046 ne
1221 3006 1309 3046 nemo

176 3091 381 3168 astipuletur,
415 3090 529 3167 quippe
560 3092 647 3150 cuius
671 3090 826 3150 sententia
855 3089 905 3149 vel
937 3109 971 3149 eo
995 3090 1195 3167 reprobetur,
1226 3088 1309 3165 quod

179 3213 289 3252 versus
304 3195 337 3250 in
361 3191 521 3251 codicibus
538 3196 743 3269 continentur,
767 3192 819 3269 qui
834 3192 982 3252 terminos
999 3213 1017 3251 a
1032 3195 1099 3251 viro
1123 3190 1213 3250 docto
1237 3212 1308 3251 con-

175 3299 306 3356 stitutos
329 3313 516 3372 magnopere
539 3294 700 3354 excedunt.

264 3433 283 3510 ξ
317 3434 363 3490 10.
412 3429 474 3490 Sed
505 3450 668 3506 quamqam
701 3431 835 3493 concedo
864 3452 974 3492 versus
1004 3451 1059 3509 per
1088 3450 1121 3491 se
1151 3440 1309 3510 spectatos

175 3537 257 3596 ‘nihil
281 3533 388 3596 vitiosi
409 3533 533 3610 habere,
555 3542 659 3593 tamen
681 3536 727 3593 eis
750 3534 896 3594 assentiri
917 3555 979 3592 non
998 3553 1131 3612 possum,
1163 3539 1217 3612 qui
1239 3557 1309 3596 oen·

175 3648 248 3698 sent
270 3645 301 3698 et
322 3639 508 3698 sententiam
531 3639 563 3695 in
586 3637 729 3696 versibus
751 3656 929 3715 expressam
951 3639 1011 3696 toti
1033 3638 1161 3697 carmini
1184 3643 1309 3716 egregie

179 3741 366 3817 respondere
389 3749 421 3802 et
443 3740 601 3802 scribendi
624 3760 721 3818 genus
737 3741 942 3800 Horatianum
959 3741 1086 3820 spirare·
1130 3742 1224 3802 Ratio
1247 3764 1309 3819 qua

176 3843 350 3903 sententiae
365 3844 448 3903 inter
471 3864 504 3904 se
520 3843 679 3922 excipiunt
701 3843 777 3903 mihi
800 3843 925 3904 videtur
948 3864 1016 3904 esse
1038 3844 1130 3905 haec:
1154 3846 1309 3905 Lucilium

177 3952 302 4023 poetam
325 3947 504 4006 mendosum
524 3967 592 4007 esse
616 3953 696 4007 teste
720 3945 836 4006 Catone
859 3950 927 4026 ipso
951 3947 1017 4007 eius
1041 3946 1202 4007 defensore
1225 3947 1309 4007 evin-

175 4066 254 4123 cam,
278 4046 331 4123 qui
353 4049 433 4108 male
456 4051 495 4108 ab
519 4070 554 4109 eo
570 4048 669 4110 factos
692 4070 802 4110 versus
826 4049 990 4110 emendare
1006 4056 1105 4127 parat,
1129 4056 1162 4109 ut
1177 4051 1309 4127 prodeat

172 4148 351 4227 aliquando,
375 4152 428 4226 qui
451 4153 596 4228 antiquos
619 4159 727 4229 poetas
751 4173 769 4212 a
791 4156 998 4213 recentiorum
1014 4152 1308 4230 reprehensionibus

173 4252 322 4312 vindicet.
353 4251 413 4325 Qui
429 4253 553 4329 quidem
568 4274 604 4315 eo
620 4255 720 4314 lenius
737 4254 775 4314 de
791 4255 881 4316 malis
897 4255 1012 4315 Lucilii
1025 4256 1213 4316 carminibus
1228 4256 1308 4316 iudi·
