2956 4822
643 354 855 420 ..33-

176 541 324 588 versuum
347 524 434 602 dixit,
457 524 621 586 referenda
644 546 712 587 esse
736 534 870 587 censent.
908 524 998 598 Quod
1021 545 1108 586 suam
1131 527 1315 587 sententiam

176 629 224 689 ita
240 627 423 688 confirmare
443 636 601 707 conantur,
624 637 660 688 11
682 629 822 690 Suetonii
844 629 946 689 locum
969 629 1021 706 qui
1037 636 1140 690 exstat
1161 630 1193 689 in
1209 629 1314 689 libello

176 732 216 791 de
234 731 347 791 illustr.
363 750 490 808 gramm.
507 751 532 790 1.
546 732 580 790 9:
614 730 771 806 „Orbilius
787 731 931 809 Pupillus
947 731 1194 809 Beneventanus,
1216 737 1314 791 morte

178 839 342 911 parentum
357 854 419 893 una
435 842 530 910 atque
546 834 652 894 eadem
676 835 726 894 die
747 834 942 894 inimicorum
964 833 1035 894 dolo
1058 837 1313 912 interemptorum

180 934 359 1014 destitutus,
386 940 488 1015 primo
523 937 735 1014 apparituram
757 937 994 1014 magistratibus
1017 936 1106 1013 feoit3
1136 937 1249 996 deinde
1279 941 1312 996 in

180 1035 363 1098 Macedonia
380 1039 545 1115 corniculo,
560 1059 631 1098 mox
647 1059 725 1115 equo
740 1039 861 1116 meruit,
876 1038 1064 1116 functusque
1079 1039 1192 1100 militia
1207 1039 1313 1100 studia

178 1141 300 1218 repetit,
322 1161 402 1217 quae
423 1144 486 1200 iam
507 1142 580 1201 inde
604 1163 622 1200 a
645 1161 739 1219 puero
762 1162 824 1201 non
846 1143 958 1204 leviter
981 1145 1147 1220 attigerat“
1180 1141 1313 1202 afferant

177 1252 211 1303 et
244 1237 398 1304 Orbilium
430 1244 482 1303 hic
515 1265 533 1303 a
563 1250 658 1322 poeta
688 1243 792 1322 lepide
825 1251 857 1304 et
889 1247 993 1304 iocose
1024 1247 1312 1322 „grammaticorum

177 1348 318 1423 equitum
336 1347 565 1407 doctissimum“
588 1347 779 1424 appellatum
802 1367 870 1407 esse
893 1347 1090 1424 contendant,
1105 1349 1151 1408 iis
1167 1349 1312 1408 assentiri

176 1468 239 1508 non
267 1451 393 1526 possum
426 1470 462 1509 ea
494 1450 532 1508 de
564 1469 670 1526 causa,
705 1450 788 1526 quod
815 1451 912 1510 verba
944 1470 1022 1526 quae
1044 1451 1236 1527 praecedunt
1257 1458 1312 1528 „ut

177 1559 261 1612 esset
283 1599 470 1615 .......
492 1551 621 1612 fastidia
642 1554 764 1612 nostra“
788 1553 828 1612 ad
843 1572 970 1630 puerum
987 1552 1177 1612 nullomodo
1200 1551 1311 1612 referri

177 1662 317 1732 possunt.
362 1654 448 1727 Quae
479 1675 548 1714 oum
579 1654 625 1714 ita
648 1657 726 1731 sint,
756 1674 844 1714 nemo
867 1675 928 1714 non
951 1655 1038 1715 videt
1068 1656 1163 1715 verba
1194 1675 1311 1732 „gram-

176 1761 361 1817 maticorum
384 1759 523 1834 equitum
546 1758 761 1818 doctissimus“
791 1759 883 1817 nimis
905 1763 1024 1817 remota
1047 1777 1130 1834 esse,
1162 1777 1254 1833 quam
1277 1770 1312 1816 ut

178 1857 218 1918 ad
241 1858 394 1920 Orbilium
416 1866 556 1937 spectare
579 1862 708 1938 possint.

263 1961 343 2022 Sunt
358 1965 453 2022 etiam
469 1965 523 2039 qni
530 1962 742 2022 Maecenatem
753 1962 804 2022 hic
815 1964 916 2021 taxari
924 1961 1056 2038 ideoque
1066 1968 1194 2041 propter
1207 1962 1316 2041 ipsum.

176 2067 236 2126 hoc
252 2073 346 2143 caput
361 2073 470 2142 postea
480 2071 632 2126 resectum
649 2084 717 2125 1111
732 2070 900 2124 autument.
930 2064 1028 2124 Plane
1051 2084 1124 2125 vero
1141 2065 1310 2126 absurdum

182 2188 252 2230 esse
262 2175 373 2246 putare
386 2170 551 2244 quicquam
562 2166 596 2224 in
607 2167 656 2226 1111
668 2166 812 2226 versibus
821 2166 892 2244 dici,
902 2165 986 2242 quod
1001 2169 1100 2244 magis
1106 2169 1139 2224 in
1151 2167 1312 2226 Maeeena-

177 2279 240 2332 tem
264 2291 356 2347 quam
378 2270 411 2329 in
434 2269 573 2346 quemvis
596 2268 689 2328 alium
713 2268 848 2344 equitem
872 2271 1043 2346 conveniat,
1066 2272 1136 2344 quis
1158 2269 1309 2346 negabit?

262 2373 328 2434 Nec
360 2372 460 2447 magis
493 2371 680 2432 assentimur
709 2375 881 2430 sententiae
912 2391 1031 2448 eorum,
1065 2374 1117 2448 qui
1147 2371 1309 2431 Decimum

171 2476 349 2554 Laberium,
365 2474 612 2552 mimographum
623 2474 787 2550 illustrem,
799 2473 850 2533 hic
865 2472 1074 2550 significatum
1091 2493 1159 2534 esse
1171 2479 1311 2533 censent.-

172 2578 241 2652 Qua
271 2579 310 2638 de
341 2598 435 2638 causa
467 2579 526 2637 hoc
548 2585 705 2655 statuant,
735 2597 795 2635 non
818 2575 981 2654 perspicio.
1025 2575 1112 2636 Nihil
1134 2575 1227 2654 plane
1251 2583 1306 2653 est,

171 2701 228 2744 eur
243 2681 427 2759 colligamus
444 2680 526 2740 huno
549 2668 821 2757 grammaticorum
844 2680 982 2754 equitum
1005 2678 1217 2739 doctissimum
1240 2697 1308 2738 esse

170 2783 347 2846 Laberium.
377 2781 433 2841 An
443 2781 512 2856 quis
526 2783 659 2859 putabit
674 2783 836 2841 Decimum
858 2781 1033 2859 Laberium,
1057 2801 1148 2856 quem
1170 2783 1307 2856 equitem

171 2886 354 2946 Romanum*
367 2883 465 2944 fuisse
481 2891 610 2961 constat,
632 2884 683 2944 hio
706 2890 832 2962 aposta
854 2885 957 2943 iocose
974 2887 1112 2958 equitum
1127 2883 1305 2961 grammati·

176 2992 280 3048 corum
316 2987 530 3049 doctissimum
571 3007 638 3047 esse
673 2987 878 3065 appellatum,
912 2987 995 3061 quod
1027 2985 1081 3046 ille
1114 2987 1147 3045 in
1183 3005 1307 3046 scenam

175 3088 291 3169 prodiit
303 3089 348 3174 ¹),
381 3110 566 3166 quamquam
595 3110 661 3150 mos
691 3099 772 3167 erat,
802 3098 849 3168 ut,
869 3089 1054 3165 quicumque
1076 3088 1200 3167 publice
1220 3089 1305 3146 mimi

173 3212 335 3272 personam
357 3192 515 3270 gessisset,
538 3193 645 3252 ordine
666 3196 802 3268 equestri
825 3192 1021 3253 moveretur?
1059 3191 1205 3268 Suspicor
1224 3190 1306 3249 huno

150 3303 289 3357 ¹temere
310 3302 469 3374 arreptum
492 3315 560 3355 esse
583 3315 620 3355 ex
642 3296 741 3373 ipsius
763 3298 878 3356 satirae
900 3314 993 3355 versu
1015 3298 1111 3370 sexto,
1134 3292 1189 3352 ubi
1211 3299 1304 3370 poeta

171 3404 268 3478 negat
295 3400 356 3460 sibi
393 3397 520 3458 Laberii
555 3400 665 3458 mimos
696 3398 818 3476 placere
849 3396 965 3457 eisdem
1002 3395 1088 3456 vitiis
1118 3394 1305 3471 laborantes,

170 3507 300 3581 propter
316 3520 396 3578 quae
412 3495 526 3560 Lucilii
541 3500 690 3561 versibus
706 3507 902 3561 venustatem
924 3498 1018 3559 adimi
1037 3504 1136 3576 putat,
1159 3505 1191 3557 et
1212 3499 1304 3558 Luci·

170 3605 246 3666 lium
269 3625 339 3665 cum
361 3602 415 3663 illo
437 3602 487 3663 his
509 3602 652 3663 versibus
674 3603 707 3661 in
730 3601 988 3681 comparationem
1011 3605 1119 3661 vocat:

653 3707 713 3784 „At
734 3705 816 3765 idem
839 3704 922 3781 quod
944 3704 1011 3764 sale
1033 3702 1131 3762 multo

297 3808 417 3868 Urbem
440 3806 599 3886 defricuit,
623 3808 732 3868 charta
755 3808 902 3867 laudatur
924 3806 1041 3867 eadem.

303 3911 369 3971 Neo
384 3917 485 3970 tamen
502 3911 561 3971 hoe
576 3913 718 3972 tribuens
735 3910 871 3970 dederim
887 3929 1008 3987 quoque
1026 3914 1144 3968 cetera:
1166 3927 1237 3966 nam
1259 3907 1305 3967 sio

300 4016 344 4075 Et·
363 4013 476 4073 Laberi
498 4013 606 4073 mimos
628 4019 664 4073 ut
686 4014 816 4090 pulchra
838 4021 980 4091 poemata
1002 4012 1120 4071 mirer.“

184 4154 185 4158 1
257 4200 283 4267 1)
300 4196 424 4255 Maerob.
443 4196 553 4253 Satura.
569 4197 644 4252 117:
670 4198 706 4253 D.
725 4153 882 4265 Laberium,
900 4213 1012 4268 asperae
1029 4194 1166 4248 libertatis
1184 4194 1302 4264 equitem

169 4283 336 4352 Romanum,
355 4283 455 4339 Caesar
471 4283 627 4353 quingentis
645 4283 757 4338 milibus
774 4283 909 4350 invitavit,
933 4288 965 4336 11
991 4279 1112 4352 prodiret
1129 4280 1158 4333 in
1176 4296 1301 4334 scaenam

170 4373 196 4423 et
213 4368 271 4440 ipse
288 4373 379 4441 ageret
396 4368 494 4424 mimos
512 4383 581 4438 quos
599 4357 779 4439 scriptitabat.

1076 4439 1094 4497 3
