<?xml version="1.0" encoding="UTF-8"?>
<!DOCTYPE html PUBLIC "-//W3C//DTD XHTML 1.0 Transitional//EN"
    "http://www.w3.org/TR/xhtml1/DTD/xhtml1-transitional.dtd">
<html xmlns="http://www.w3.org/1999/xhtml" xml:lang="en" lang="en">
 <head>
  <title>
</title>
<meta http-equiv="Content-Type" content="text/html;charset=utf-8" />
  <meta name='ocr-system' content='tesseract 3.04.00' />
  <meta name='ocr-capabilities' content='ocr_page ocr_carea ocr_par ocr_line ocrx_word'/>
</head>
<body>
  <div class='ocr_page' id='page_1' title='image "./numhoratiisatir00muelgoog_0028.png"; bbox 0 0 2956 4822; ppageno 0'>
   <div class='ocr_carea' id='block_1_1' title="bbox 638 274 850 339">
    <p class='ocr_par' dir='ltr' id='par_1_1' title="bbox 638 274 850 339">
     <span class='ocr_line' id='line_1_1' title="bbox 638 274 850 339; baseline 0.019 -23"><span class='ocrx_word' id='word_1_1' title='bbox 638 274 850 339; x_wconf 76' lang='lat'>-23..</span> 
     </span>
    </p>
   </div>
   <div class='ocr_carea' id='block_1_2' title="bbox 140 443 1376 1654">
    <p class='ocr_par' dir='ltr' id='par_1_2' title="bbox 140 443 1376 1654">
     <span class='ocr_line' id='line_1_2' title="bbox 140 443 1307 523; baseline 0.002 -19"><span class='ocrx_word' id='word_1_2' title='bbox 140 509 141 514; x_wconf 8' lang='grc' dir='ltr'>χ</span> <span class='ocrx_word' id='word_1_3' title='bbox 174 444 311 505; x_wconf 78' lang='lat' dir='ltr'><strong>debitam</strong></span> <span class='ocrx_word' id='word_1_4' title='bbox 342 444 460 505; x_wconf 87' lang='lat' dir='ltr'>tribuat</span> <span class='ocrx_word' id='word_1_5' title='bbox 490 446 616 523; x_wconf 90' lang='lat' dir='ltr'>eiusque</span> <span class='ocrx_word' id='word_1_6' title='bbox 646 443 780 504; x_wconf 90' lang='lat' dir='ltr'>virtutes</span> <span class='ocrx_word' id='word_1_7' title='bbox 813 447 880 505; x_wconf 87' lang='lat' dir='ltr'>sine</span> <span class='ocrx_word' id='word_1_8' title='bbox 911 445 976 506; x_wconf 87' lang='lat' dir='ltr'>ulla</span> <span class='ocrx_word' id='word_1_9' title='bbox 1005 445 1124 506; x_wconf 88' lang='lat' dir='ltr'>invidia</span> <span class='ocrx_word' id='word_1_10' title='bbox 1147 453 1307 522; x_wconf 87' lang='lat' dir='ltr'>agnoscat.</span> 
     </span>
     <span class='ocr_line' id='line_1_3' title="bbox 173 545 1307 628; baseline 0.001 -21"><span class='ocrx_word' id='word_1_11' title='bbox 173 547 224 607; x_wconf 84' lang='lat' dir='ltr'>Sic</span> <span class='ocrx_word' id='word_1_12' title='bbox 247 545 425 608; x_wconf 79' lang='lat' dir='ltr'><strong>manifestis</strong></span> <span class='ocrx_word' id='word_1_13' title='bbox 448 546 553 606; x_wconf 92' lang='lat' dir='ltr'>verbis</span> <span class='ocrx_word' id='word_1_14' title='bbox 576 545 733 623; x_wconf 87' lang='lat' dir='ltr'>significat</span> <span class='ocrx_word' id='word_1_15' title='bbox 757 550 826 628; x_wconf 77' lang='lat' dir='ltr'>(sat.</span> <span class='ocrx_word' id='word_1_16' title='bbox 850 547 867 605; x_wconf 99' lang='grc' dir='ltr'>Ι</span> <span class='ocrx_word' id='word_1_17' title='bbox 892 549 940 624; x_wconf 93' lang='grc'>10,</span> <span class='ocrx_word' id='word_1_18' title='bbox 962 549 1025 625; x_wconf 86' lang='grc'><strong>48),</strong></span> <span class='ocrx_word' id='word_1_19' title='bbox 1052 567 1085 608; x_wconf 90' lang='grc'>00</span> <span class='ocrx_word' id='word_1_20' title='bbox 1108 567 1169 608; x_wconf 93' lang='lat' dir='ltr'>non</span> <span class='ocrx_word' id='word_1_21' title='bbox 1192 549 1307 608; x_wconf 89' lang='lat' dir='ltr'>audere</span> 
     </span>
     <span class='ocr_line' id='line_1_4' title="bbox 173 648 1305 729; baseline -0.002 -19"><span class='ocrx_word' id='word_1_22' title='bbox 173 651 220 710; x_wconf 93' lang='lat' dir='ltr'>illi</span> <span class='ocrx_word' id='word_1_23' title='bbox 254 650 418 710; x_wconf 77' lang='lat' dir='ltr'>detrahere</span> <span class='ocrx_word' id='word_1_24' title='bbox 458 649 637 709; x_wconf 86' lang='lat' dir='ltr'>haerentem</span> <span class='ocrx_word' id='word_1_25' title='bbox 668 649 764 728; x_wconf 87' lang='lat' dir='ltr'>capiti</span> <span class='ocrx_word' id='word_1_26' title='bbox 794 670 865 709; x_wconf 92' lang='lat' dir='ltr'>cum</span> <span class='ocrx_word' id='word_1_27' title='bbox 897 651 995 711; x_wconf 91' lang='lat' dir='ltr'>multa</span> <span class='ocrx_word' id='word_1_28' title='bbox 1025 648 1119 710; x_wconf 89' lang='lat' dir='ltr'>laude</span> <span class='ocrx_word' id='word_1_29' title='bbox 1153 670 1305 729; x_wconf 89' lang='lat' dir='ltr'>coronam,</span> 
     </span>
     <span class='ocr_line' id='line_1_5' title="bbox 173 751 1305 833; baseline 0 -22"><span class='ocrx_word' id='word_1_30' title='bbox 173 753 291 813; x_wconf 90' lang='lat' dir='ltr'>ibidem</span> <span class='ocrx_word' id='word_1_31' title='bbox 321 771 354 812; x_wconf 91' lang='lat' dir='ltr'>se</span> <span class='ocrx_word' id='word_1_32' title='bbox 376 752 525 811; x_wconf 86' lang='lat' dir='ltr'>minorem</span> <span class='ocrx_word' id='word_1_33' title='bbox 547 752 710 812; x_wconf 89' lang='lat' dir='ltr'>inventore</span> <span class='ocrx_word' id='word_1_34' title='bbox 742 771 810 812; x_wconf 90' lang='lat' dir='ltr'>esse</span> <span class='ocrx_word' id='word_1_35' title='bbox 840 751 917 814; x_wconf 87' lang='lat' dir='ltr'>dicit</span> <span class='ocrx_word' id='word_1_36' title='bbox 939 761 971 813; x_wconf 92' lang='lat' dir='ltr'>et</span> <span class='ocrx_word' id='word_1_37' title='bbox 993 772 1027 813; x_wconf 92' lang='grc'>00</span> <span class='ocrx_word' id='word_1_38' title='bbox 1050 755 1119 833; x_wconf 86' lang='lat' dir='ltr'>(sat.</span> <span class='ocrx_word' id='word_1_39' title='bbox 1142 752 1177 811; x_wconf 95' lang='grc' dir='ltr'>ΙΙ</span> <span class='ocrx_word' id='word_1_40' title='bbox 1203 755 1228 830; x_wconf 91' lang='grc'>1,</span> <span class='ocrx_word' id='word_1_41' title='bbox 1252 752 1305 830; x_wconf 78' lang='grc'><strong>’15)</strong></span> 
     </span>
     <span class='ocr_line' id='line_1_6' title="bbox 176 853 1304 933; baseline 0.001 -19"><span class='ocrx_word' id='word_1_42' title='bbox 176 855 258 914; x_wconf 85' lang='grc'><strong>111114</strong></span> <span class='ocrx_word' id='word_1_43' title='bbox 297 855 412 915; x_wconf 81' lang='lat' dir='ltr'>Lucilii</span> <span class='ocrx_word' id='word_1_44' title='bbox 452 874 578 915; x_wconf 88' lang='lat' dir='ltr'>censum</span> <span class='ocrx_word' id='word_1_45' title='bbox 621 853 841 931; x_wconf 82' lang='lat' dir='ltr'>ingeniumque</span> <span class='ocrx_word' id='word_1_46' title='bbox 880 875 949 916; x_wconf 91' lang='grc'><strong>0000</strong></span> <span class='ocrx_word' id='word_1_47' title='bbox 994 861 1099 933; x_wconf 87' lang='lat' dir='ltr'>aperte</span> <span class='ocrx_word' id='word_1_48' title='bbox 1133 854 1304 933; x_wconf 88' lang='lat' dir='ltr'>profitetur.</span> 
     </span>
     <span class='ocr_line' id='line_1_7' title="bbox 177 957 1305 1036; baseline 0.002 -20"><span class='ocrx_word' id='word_1_49' title='bbox 177 959 355 1034; x_wconf 85' lang='lat' dir='ltr'>Eademque</span> <span class='ocrx_word' id='word_1_50' title='bbox 370 957 522 1018; x_wconf 88' lang='lat' dir='ltr'>modestia</span> <span class='ocrx_word' id='word_1_51' title='bbox 537 978 611 1019; x_wconf 88' lang='lat' dir='ltr'>usus</span> <span class='ocrx_word' id='word_1_52' title='bbox 626 959 776 1019; x_wconf 76' lang='lat' dir='ltr'>Horatius</span> <span class='ocrx_word' id='word_1_53' title='bbox 796 979 856 1019; x_wconf 92' lang='lat' dir='ltr'>non</span> <span class='ocrx_word' id='word_1_54' title='bbox 872 980 933 1020; x_wconf 91' lang='lat' dir='ltr'>unc</span> <span class='ocrx_word' id='word_1_55' title='bbox 956 960 1025 1019; x_wconf 92' lang='lat' dir='ltr'>loco</span> <span class='ocrx_word' id='word_1_56' title='bbox 1041 959 1174 1036; x_wconf 87' lang='lat' dir='ltr'>ingenue</span> <span class='ocrx_word' id='word_1_57' title='bbox 1197 957 1305 1018; x_wconf 88' lang='lat' dir='ltr'>laudat</span> 
     </span>
     <span class='ocr_line' id='line_1_8' title="bbox 174 1060 1307 1141; baseline 0 -21"><span class='ocrx_word' id='word_1_58' title='bbox 174 1080 235 1121; x_wconf 90' lang='lat' dir='ltr'>non</span> <span class='ocrx_word' id='word_1_59' title='bbox 268 1060 368 1121; x_wconf 90' lang='lat' dir='ltr'>minus</span> <span class='ocrx_word' id='word_1_60' title='bbox 400 1060 516 1121; x_wconf 90' lang='lat' dir='ltr'>iustum</span> <span class='ocrx_word' id='word_1_61' title='bbox 558 1069 589 1121; x_wconf 86' lang='lat' dir='ltr'>et</span> <span class='ocrx_word' id='word_1_62' title='bbox 623 1061 754 1121; x_wconf 91' lang='lat' dir='ltr'>liberum</span> <span class='ocrx_word' id='word_1_63' title='bbox 785 1064 852 1123; x_wconf 91' lang='lat' dir='ltr'>eius</span> <span class='ocrx_word' id='word_1_64' title='bbox 882 1061 1032 1140; x_wconf 90' lang='lat' dir='ltr'>animum,</span> <span class='ocrx_word' id='word_1_65' title='bbox 1072 1081 1132 1138; x_wconf 94' lang='lat' dir='ltr'>quo</span> <span class='ocrx_word' id='word_1_66' title='bbox 1171 1061 1241 1141; x_wconf 85' lang='lat' dir='ltr'>(sat.</span> <span class='ocrx_word' id='word_1_67' title='bbox 1272 1061 1307 1120; x_wconf 93' lang='grc' dir='ltr'>Π</span> 
     </span>
     <span class='ocr_line' id='line_1_9' title="bbox 177 1162 278 1241; baseline 0.02 -20"><span class='ocrx_word' id='word_1_68' title='bbox 177 1166 202 1240; x_wconf 93' lang='grc'>1,</span> <span class='ocrx_word' id='word_1_69' title='bbox 225 1162 278 1241; x_wconf 87' lang='lat'>69)</span> 
     </span>
     <span class='ocr_line' id='line_1_10' title="bbox 311 1265 1164 1346; baseline 0.002 -22"><span class='ocrx_word' id='word_1_70' title='bbox 311 1265 485 1344; x_wconf 83' lang='lat' dir='ltr'>„Primores</span> <span class='ocrx_word' id='word_1_71' title='bbox 507 1266 613 1344; x_wconf 90' lang='lat' dir='ltr'>populi</span> <span class='ocrx_word' id='word_1_72' title='bbox 636 1267 768 1346; x_wconf 91' lang='lat' dir='ltr'>arripuit</span> <span class='ocrx_word' id='word_1_73' title='bbox 790 1268 1000 1346; x_wconf 88' lang='lat' dir='ltr'>populumque</span> <span class='ocrx_word' id='word_1_74' title='bbox 1022 1268 1164 1327; x_wconf 89' lang='lat' dir='ltr'>tributim</span> 
     </span>
     <span class='ocr_line' id='line_1_11' title="bbox 303 1367 1146 1447; baseline 0 -18"><span class='ocrx_word' id='word_1_75' title='bbox 303 1369 431 1429; x_wconf 73' lang='lat' dir='ltr'>Scilicet</span> <span class='ocrx_word' id='word_1_76' title='bbox 453 1367 507 1427; x_wconf 90' lang='lat' dir='ltr'>uui</span> <span class='ocrx_word' id='word_1_77' title='bbox 530 1388 646 1446; x_wconf 91' lang='lat' dir='ltr'>aequus</span> <span class='ocrx_word' id='word_1_78' title='bbox 668 1370 778 1431; x_wconf 89' lang='lat' dir='ltr'>virtuti</span> <span class='ocrx_word' id='word_1_79' title='bbox 801 1378 895 1447; x_wconf 87' lang='lat' dir='ltr'>atque</span> <span class='ocrx_word' id='word_1_80' title='bbox 918 1371 984 1430; x_wconf 91' lang='lat' dir='ltr'>eius</span> <span class='ocrx_word' id='word_1_81' title='bbox 1008 1369 1146 1447; x_wconf 85' lang='lat' dir='ltr'>amicis“,</span> 
     </span>
     <span class='ocr_line' id='line_1_12' title="bbox 174 1471 1304 1552; baseline 0 -20"><span class='ocrx_word' id='word_1_82' title='bbox 174 1493 265 1549; x_wconf 89' lang='lat' dir='ltr'>quam</span> <span class='ocrx_word' id='word_1_83' title='bbox 286 1471 498 1549; x_wconf 79' lang='lat' dir='ltr'>sagacitatem,</span> <span class='ocrx_word' id='word_1_84' title='bbox 522 1492 583 1548; x_wconf 88' lang='lat' dir='ltr'>qua</span> <span class='ocrx_word' id='word_1_85' title='bbox 605 1473 762 1533; x_wconf 90' lang='lat' dir='ltr'>hominum</span> <span class='ocrx_word' id='word_1_86' title='bbox 784 1493 884 1534; x_wconf 90' lang='lat' dir='ltr'>mores</span> <span class='ocrx_word' id='word_1_87' title='bbox 907 1480 938 1533; x_wconf 92' lang='lat' dir='ltr'>et</span> <span class='ocrx_word' id='word_1_88' title='bbox 960 1475 1182 1552; x_wconf 85' lang='lat' dir='ltr'>perversitates</span> <span class='ocrx_word' id='word_1_89' title='bbox 1199 1473 1304 1533; x_wconf 90' lang='lat' dir='ltr'>obser-</span> 
     </span>
     <span class='ocr_line' id='line_1_13' title="bbox 175 1573 1376 1654; baseline -0.001 -18"><span class='ocrx_word' id='word_1_90' title='bbox 175 1574 295 1636; x_wconf 91' lang='lat' dir='ltr'>vaverit</span> <span class='ocrx_word' id='word_1_91' title='bbox 318 1582 350 1634; x_wconf 92' lang='lat' dir='ltr'>et</span> <span class='ocrx_word' id='word_1_92' title='bbox 366 1573 569 1650; x_wconf 84' lang='lat' dir='ltr'>castigaverit</span> <span class='ocrx_word' id='word_1_93' title='bbox 591 1573 661 1653; x_wconf 86' lang='lat' dir='ltr'>(sat.</span> <span class='ocrx_word' id='word_1_94' title='bbox 677 1575 738 1651; x_wconf 85' lang='lat'>14,</span> <span class='ocrx_word' id='word_1_95' title='bbox 761 1575 802 1654; x_wconf 86' lang='grc'>8),</span> <span class='ocrx_word' id='word_1_96' title='bbox 825 1585 856 1635; x_wconf 93' lang='grc'>01</span> <span class='ocrx_word' id='word_1_97' title='bbox 878 1577 990 1636; x_wconf 87' lang='lat' dir='ltr'>tribuit</span> <span class='ocrx_word' id='word_1_98' title='bbox 1012 1575 1041 1635; x_wconf 91' lang='lat' dir='ltr'>ei</span> <span class='ocrx_word' id='word_1_99' title='bbox 1062 1574 1187 1635; x_wconf 91' lang='lat' dir='ltr'>laudem</span> <span class='ocrx_word' id='word_1_100' title='bbox 1202 1573 1306 1651; x_wconf 88' lang='lat' dir='ltr'>faceti,</span> <span class='ocrx_word' id='word_1_101' title='bbox 1368 1627 1376 1635; x_wconf 88' lang='lat'><em>.</em></span> 
     </span>
    </p>
   </div>
   <div class='ocr_carea' id='block_1_3' title="bbox 174 1668 1415 1769">
    <p class='ocr_par' dir='ltr' id='par_1_3' title="bbox 174 1668 1415 1769">
     <span class='ocr_line' id='line_1_14' title="bbox 174 1668 1415 1769; baseline -0.003 -31"><span class='ocrx_word' id='word_1_102' title='bbox 174 1680 277 1757; x_wconf 91' lang='lat' dir='ltr'>comis,</span> <span class='ocrx_word' id='word_1_103' title='bbox 304 1668 417 1737; x_wconf 84' lang='lat' dir='ltr'>urbani</span> <span class='ocrx_word' id='word_1_104' title='bbox 439 1683 549 1754; x_wconf 90' lang='lat' dir='ltr'>poetae</span> <span class='ocrx_word' id='word_1_105' title='bbox 572 1677 642 1756; x_wconf 86' lang='lat' dir='ltr'>(sat.</span> <span class='ocrx_word' id='word_1_106' title='bbox 664 1678 682 1738; x_wconf 96' lang='lat' dir='ltr'>I</span> <span class='ocrx_word' id='word_1_107' title='bbox 703 1681 732 1756; x_wconf 88' lang='lat'>4,</span> <span class='ocrx_word' id='word_1_108' title='bbox 756 1680 784 1754; x_wconf 80' lang='lat'>7,</span> <span class='ocrx_word' id='word_1_109' title='bbox 806 1678 824 1738; x_wconf 95' lang='grc' dir='ltr'>Ι</span> <span class='ocrx_word' id='word_1_110' title='bbox 849 1681 895 1756; x_wconf 87' lang='grc'>10,</span> <span class='ocrx_word' id='word_1_111' title='bbox 918 1680 946 1755; x_wconf 87' lang='grc'>3,</span> <span class='ocrx_word' id='word_1_112' title='bbox 976 1677 993 1736; x_wconf 95' lang='grc' dir='ltr'>Ι</span> <span class='ocrx_word' id='word_1_113' title='bbox 1018 1680 1065 1756; x_wconf 88' lang='grc'>10,</span> <span class='ocrx_word' id='word_1_114' title='bbox 1093 1676 1155 1754; x_wconf 79' lang='lat'><strong>65).</strong></span> <span class='ocrx_word' id='word_1_115' title='bbox 1195 1676 1305 1769; x_wconf 74' lang='lat' dir='ltr'>Quid?</span> <span class='ocrx_word' id='word_1_116' title='bbox 1412 1740 1415 1743; x_wconf 54' lang='grc'><strong>,</strong></span> 
     </span>
    </p>
   </div>
   <div class='ocr_carea' id='block_1_4' title="bbox 125 1776 1304 4323">
    <p class='ocr_par' dir='ltr' id='par_1_4' title="bbox 125 1776 1304 2268">
     <span class='ocr_line' id='line_1_15' title="bbox 173 1776 1304 1859; baseline -0.002 -19"><span class='ocrx_word' id='word_1_117' title='bbox 173 1781 256 1857; x_wconf 90' lang='lat' dir='ltr'>quod</span> <span class='ocrx_word' id='word_1_118' title='bbox 278 1777 428 1840; x_wconf 88' lang='lat' dir='ltr'>Horatius</span> <span class='ocrx_word' id='word_1_119' title='bbox 450 1776 513 1856; x_wconf 88' lang='lat' dir='ltr'>illa,</span> <span class='ocrx_word' id='word_1_120' title='bbox 545 1799 623 1855; x_wconf 91' lang='lat' dir='ltr'>quae</span> <span class='ocrx_word' id='word_1_121' title='bbox 645 1783 677 1839; x_wconf 93' lang='grc'>111</span> <span class='ocrx_word' id='word_1_122' title='bbox 700 1780 820 1840; x_wconf 93' lang='lat' dir='ltr'>Lucilio</span> <span class='ocrx_word' id='word_1_123' title='bbox 842 1779 1150 1859; x_wconf 72' lang='lat' dir='ltr'>reprehenditvi&#39;tia,</span> <span class='ocrx_word' id='word_1_124' title='bbox 1173 1800 1234 1840; x_wconf 92' lang='lat' dir='ltr'>non</span> <span class='ocrx_word' id='word_1_125' title='bbox 1256 1780 1304 1839; x_wconf 91' lang='lat' dir='ltr'>in-</span> 
     </span>
     <span class='ocr_line' id='line_1_16' title="bbox 125 1880 1304 1961; baseline 0 -18"><span class='ocrx_word' id='word_1_126' title='bbox 125 1901 126 1904; x_wconf 71' lang='grc'>’</span> <span class='ocrx_word' id='word_1_127' title='bbox 172 1883 263 1961; x_wconf 89' lang='lat' dir='ltr'>genio</span> <span class='ocrx_word' id='word_1_128' title='bbox 291 1890 403 1961; x_wconf 91' lang='lat' dir='ltr'>poetae</span> <span class='ocrx_word' id='word_1_129' title='bbox 425 1880 561 1959; x_wconf 89' lang='lat' dir='ltr'>ascribit,</span> <span class='ocrx_word' id='word_1_130' title='bbox 591 1881 647 1942; x_wconf 92' lang='lat' dir='ltr'>sed</span> <span class='ocrx_word' id='word_1_131' title='bbox 670 1882 893 1960; x_wconf 88' lang='lat' dir='ltr'>quodammodo</span> <span class='ocrx_word' id='word_1_132' title='bbox 925 1890 1097 1961; x_wconf 91' lang='lat' dir='ltr'>temporum</span> <span class='ocrx_word' id='word_1_133' title='bbox 1121 1881 1304 1943; x_wconf 87' lang='lat' dir='ltr'>diversitate</span> 
     </span>
     <span class='ocr_line' id='line_1_17' title="bbox 172 1984 1304 2066; baseline -0.001 -21"><span class='ocrx_word' id='word_1_134' title='bbox 172 1993 203 2045; x_wconf 92' lang='lat' dir='ltr'>et</span> <span class='ocrx_word' id='word_1_135' title='bbox 228 1984 393 2060; x_wconf 88' lang='lat' dir='ltr'>iniquitate</span> <span class='ocrx_word' id='word_1_136' title='bbox 423 2004 571 2045; x_wconf 85' lang='lat' dir='ltr'>excusare</span> <span class='ocrx_word' id='word_1_137' title='bbox 594 1985 718 2065; x_wconf 87' lang='lat' dir='ltr'>studet,</span> <span class='ocrx_word' id='word_1_138' title='bbox 748 2008 818 2048; x_wconf 90' lang='lat' dir='ltr'>cum</span> <span class='ocrx_word' id='word_1_139' title='bbox 848 1988 886 2047; x_wconf 93' lang='lat' dir='ltr'>de</span> <span class='ocrx_word' id='word_1_140' title='bbox 909 1987 962 2047; x_wconf 94' lang='lat' dir='ltr'>illo</span> <span class='ocrx_word' id='word_1_141' title='bbox 985 1988 1063 2048; x_wconf 91' lang='lat' dir='ltr'>haec</span> <span class='ocrx_word' id='word_1_142' title='bbox 1087 1987 1162 2048; x_wconf 92' lang='lat' dir='ltr'>dicit</span> <span class='ocrx_word' id='word_1_143' title='bbox 1194 1985 1304 2066; x_wconf 82' lang='lat' dir='ltr'>(sati</span> 
     </span>
     <span class='ocr_line' id='line_1_18' title="bbox 175 2088 317 2165; baseline -0.007 -18"><span class='ocrx_word' id='word_1_144' title='bbox 175 2091 223 2165; x_wconf 84' lang='lat'>10,</span> <span class='ocrx_word' id='word_1_145' title='bbox 247 2088 317 2165; x_wconf 83' lang='lat'>67):</span> 
     </span>
     <span class='ocr_line' id='line_1_19' title="bbox 1025 2193 1096 2268; baseline 0.014 -17"><span class='ocrx_word' id='word_1_146' title='bbox 1025 2193 1096 2268; x_wconf 90' lang='lat' dir='ltr'>„ille</span> 
     </span>
    </p>

    <p class='ocr_par' dir='ltr' id='par_1_5' title="bbox 321 2291 1125 2372">
     <span class='ocr_line' id='line_1_20' title="bbox 321 2291 1125 2372; baseline 0.002 -20"><span class='ocrx_word' id='word_1_147' title='bbox 321 2292 354 2352; x_wconf 81' lang='lat' dir='ltr'>Si</span> <span class='ocrx_word' id='word_1_148' title='bbox 376 2291 457 2352; x_wconf 85' lang='lat' dir='ltr'>foret</span> <span class='ocrx_word' id='word_1_149' title='bbox 479 2292 537 2352; x_wconf 90' lang='grc'><strong>1100</strong></span> <span class='ocrx_word' id='word_1_150' title='bbox 560 2301 700 2354; x_wconf 85' lang='grc'><strong>00011010</strong></span> <span class='ocrx_word' id='word_1_151' title='bbox 723 2293 788 2354; x_wconf 91' lang='lat' dir='ltr'>fato</span> <span class='ocrx_word' id='word_1_152' title='bbox 813 2293 929 2355; x_wconf 92' lang='lat' dir='ltr'>dilatus</span> <span class='ocrx_word' id='word_1_153' title='bbox 951 2295 984 2354; x_wconf 91' lang='lat' dir='ltr'>in</span> <span class='ocrx_word' id='word_1_154' title='bbox 1007 2315 1125 2372; x_wconf 90' lang='lat' dir='ltr'>aevum,</span> 
     </span>
    </p>

    <p class='ocr_par' dir='ltr' id='par_1_6' title="bbox 318 2394 1202 2474">
     <span class='ocr_line' id='line_1_21' title="bbox 318 2394 1202 2474; baseline 0.002 -20"><span class='ocrx_word' id='word_1_155' title='bbox 318 2394 484 2456; x_wconf 91' lang='lat' dir='ltr'>Detereret</span> <span class='ocrx_word' id='word_1_156' title='bbox 505 2396 568 2456; x_wconf 89' lang='lat' dir='ltr'>sibi</span> <span class='ocrx_word' id='word_1_157' title='bbox 590 2397 697 2474; x_wconf 89' lang='lat' dir='ltr'>multa,</span> <span class='ocrx_word' id='word_1_158' title='bbox 719 2397 872 2458; x_wconf 89' lang='lat' dir='ltr'>recideret</span> <span class='ocrx_word' id='word_1_159' title='bbox 896 2418 992 2474; x_wconf 91' lang='lat' dir='ltr'>omne,</span> <span class='ocrx_word' id='word_1_160' title='bbox 1015 2397 1098 2474; x_wconf 93' lang='lat' dir='ltr'>quod</span> <span class='ocrx_word' id='word_1_161' title='bbox 1120 2398 1202 2457; x_wconf 87' lang='lat' dir='ltr'>ultra</span> 
     </span>
    </p>

    <p class='ocr_par' dir='ltr' id='par_1_7' title="bbox 319 2498 1098 2578">
     <span class='ocr_line' id='line_1_22' title="bbox 319 2498 1098 2578; baseline 0 -20"><span class='ocrx_word' id='word_1_162' title='bbox 319 2498 498 2559; x_wconf 88' lang='lat' dir='ltr'>Perfectum</span> <span class='ocrx_word' id='word_1_163' title='bbox 521 2500 706 2578; x_wconf 87' lang='lat' dir='ltr'>traheretur,</span> <span class='ocrx_word' id='word_1_164' title='bbox 730 2508 761 2560; x_wconf 91' lang='lat' dir='ltr'>et</span> <span class='ocrx_word' id='word_1_165' title='bbox 783 2500 816 2559; x_wconf 94' lang='lat' dir='ltr'>in</span> <span class='ocrx_word' id='word_1_166' title='bbox 838 2520 931 2560; x_wconf 89' lang='lat' dir='ltr'>versu</span> <span class='ocrx_word' id='word_1_167' title='bbox 955 2499 1098 2560; x_wconf 89' lang='lat' dir='ltr'>faciendo</span> 
     </span>
    </p>

    <p class='ocr_par' dir='ltr' id='par_1_8' title="bbox 170 2601 1304 2991">
     <span class='ocr_line' id='line_1_23' title="bbox 321 2601 1175 2682; baseline 0.002 -21"><span class='ocrx_word' id='word_1_168' title='bbox 321 2601 419 2680; x_wconf 87' lang='lat' dir='ltr'>Saepe</span> <span class='ocrx_word' id='word_1_169' title='bbox 442 2612 535 2682; x_wconf 89' lang='lat' dir='ltr'>caput</span> <span class='ocrx_word' id='word_1_170' title='bbox 557 2604 707 2681; x_wconf 84' lang='lat' dir='ltr'>scaberet,</span> <span class='ocrx_word' id='word_1_171' title='bbox 730 2603 813 2663; x_wconf 90' lang='lat' dir='ltr'>viros</span> <span class='ocrx_word' id='word_1_172' title='bbox 836 2610 868 2663; x_wconf 92' lang='grc'>01</span> <span class='ocrx_word' id='word_1_173' title='bbox 889 2604 1014 2663; x_wconf 91' lang='lat' dir='ltr'>roderet</span> <span class='ocrx_word' id='word_1_174' title='bbox 1037 2603 1175 2681; x_wconf 88' lang='lat' dir='ltr'>unguis.“</span> 
     </span>
     <span class='ocr_line' id='line_1_24' title="bbox 171 2703 1304 2784; baseline 0.002 -21"><span class='ocrx_word' id='word_1_175' title='bbox 171 2703 275 2776; x_wconf 80' lang='lat' dir='ltr'>Quid?</span> <span class='ocrx_word' id='word_1_176' title='bbox 299 2706 382 2782; x_wconf 91' lang='lat' dir='ltr'>quod</span> <span class='ocrx_word' id='word_1_177' title='bbox 397 2706 548 2765; x_wconf 89' lang='lat' dir='ltr'>Horatius</span> <span class='ocrx_word' id='word_1_178' title='bbox 560 2705 673 2764; x_wconf 90' lang='lat' dir='ltr'>Lucilii</span> <span class='ocrx_word' id='word_1_179' title='bbox 688 2705 839 2783; x_wconf 90' lang='lat' dir='ltr'>imprimis</span> <span class='ocrx_word' id='word_1_180' title='bbox 855 2707 1028 2784; x_wconf 89' lang='lat' dir='ltr'>exemplum</span> <span class='ocrx_word' id='word_1_181' title='bbox 1044 2706 1104 2766; x_wconf 92' lang='lat' dir='ltr'>sibi</span> <span class='ocrx_word' id='word_1_182' title='bbox 1120 2705 1304 2766; x_wconf 87' lang='lat' dir='ltr'>imitandum</span> 
     </span>
     <span class='ocr_line' id='line_1_25' title="bbox 170 2807 1303 2886; baseline 0.003 -21"><span class='ocrx_word' id='word_1_183' title='bbox 170 2809 331 2886; x_wconf 85' lang='lat' dir='ltr'>proposuit</span> <span class='ocrx_word' id='word_1_184' title='bbox 352 2828 483 2885; x_wconf 93' lang='lat' dir='ltr'>eumque</span> <span class='ocrx_word' id='word_1_185' title='bbox 504 2807 566 2868; x_wconf 90' lang='lat' dir='ltr'>sibi</span> <span class='ocrx_word' id='word_1_186' title='bbox 588 2807 719 2868; x_wconf 85' lang='lat' dir='ltr'>maxime</span> <span class='ocrx_word' id='word_1_187' title='bbox 742 2809 851 2868; x_wconf 92' lang='lat' dir='ltr'>ducem</span> <span class='ocrx_word' id='word_1_188' title='bbox 874 2809 906 2867; x_wconf 91' lang='grc'>111</span> <span class='ocrx_word' id='word_1_189' title='bbox 929 2808 1102 2869; x_wconf 86' lang='lat' dir='ltr'>scribendis</span> <span class='ocrx_word' id='word_1_190' title='bbox 1125 2809 1230 2870; x_wconf 88' lang='lat' dir='ltr'>satiris</span> <span class='ocrx_word' id='word_1_191' title='bbox 1251 2829 1303 2868; x_wconf 87' lang='lat' dir='ltr'>ex-</span> 
     </span>
     <span class='ocr_line' id='line_1_26' title="bbox 173 2910 990 2991; baseline 0.001 -21"><span class='ocrx_word' id='word_1_192' title='bbox 173 2910 291 2970; x_wconf 89' lang='lat' dir='ltr'>stitisse</span> <span class='ocrx_word' id='word_1_193' title='bbox 315 2915 384 2991; x_wconf 84' lang='lat' dir='ltr'>(sat.</span> <span class='ocrx_word' id='word_1_194' title='bbox 407 2910 442 2970; x_wconf 91' lang='grc' dir='ltr'>ΙΙ</span> <span class='ocrx_word' id='word_1_195' title='bbox 468 2913 492 2987; x_wconf 93' lang='grc'>1,</span> <span class='ocrx_word' id='word_1_196' title='bbox 517 2912 558 2970; x_wconf 80' lang='lat'>28</span> <span class='ocrx_word' id='word_1_197' title='bbox 581 2911 661 2989; x_wconf 84' lang='lat' dir='ltr'>sqq.)</span> <span class='ocrx_word' id='word_1_198' title='bbox 684 2911 781 2971; x_wconf 90' lang='lat' dir='ltr'>libere</span> <span class='ocrx_word' id='word_1_199' title='bbox 804 2911 990 2989; x_wconf 79' lang='lat' dir='ltr'>profitetur?</span> 
     </span>
    </p>

    <p class='ocr_par' dir='ltr' id='par_1_9' title="bbox 170 3012 1304 3499">
     <span class='ocr_line' id='line_1_27' title="bbox 256 3012 1304 3092; baseline -0.001 -20"><span class='ocrx_word' id='word_1_200' title='bbox 256 3014 359 3089; x_wconf 89' lang='lat' dir='ltr'>Atque</span> <span class='ocrx_word' id='word_1_201' title='bbox 393 3013 524 3073; x_wconf 92' lang='lat' dir='ltr'>eundem</span> <span class='ocrx_word' id='word_1_202' title='bbox 553 3013 709 3074; x_wconf 90' lang='lat' dir='ltr'>Lucilium</span> <span class='ocrx_word' id='word_1_203' title='bbox 738 3014 830 3092; x_wconf 92' lang='lat' dir='ltr'>plane</span> <span class='ocrx_word' id='word_1_204' title='bbox 861 3015 1042 3075; x_wconf 89' lang='lat' dir='ltr'>mendosum</span> <span class='ocrx_word' id='word_1_205' title='bbox 1064 3034 1141 3092; x_wconf 92' lang='grc'><strong>0000,</strong></span> <span class='ocrx_word' id='word_1_206' title='bbox 1172 3012 1304 3073; x_wconf 83' lang='grc'><strong>0011110111</strong></span> 
     </span>
     <span class='ocr_line' id='line_1_28' title="bbox 170 3114 1303 3196; baseline 0.004 -24"><span class='ocrx_word' id='word_1_207' title='bbox 170 3114 350 3192; x_wconf 82' lang='lat' dir='ltr'>Horatium,</span> <span class='ocrx_word' id='word_1_208' title='bbox 382 3119 434 3190; x_wconf 92' lang='lat' dir='ltr'>qui</span> <span class='ocrx_word' id='word_1_209' title='bbox 463 3117 595 3175; x_wconf 91' lang='lat' dir='ltr'>multum</span> <span class='ocrx_word' id='word_1_210' title='bbox 623 3117 707 3177; x_wconf 92' lang='lat' dir='ltr'>illius</span> <span class='ocrx_word' id='word_1_211' title='bbox 737 3117 834 3177; x_wconf 89' lang='lat' dir='ltr'>salem</span> <span class='ocrx_word' id='word_1_212' title='bbox 865 3124 897 3178; x_wconf 92' lang='lat' dir='ltr'>et</span> <span class='ocrx_word' id='word_1_213' title='bbox 924 3118 1081 3196; x_wconf 87' lang='lat' dir='ltr'>ingenium</span> <span class='ocrx_word' id='word_1_214' title='bbox 1113 3123 1303 3195; x_wconf 85' lang='lat' dir='ltr'>agnosceret,</span> 
     </span>
     <span class='ocr_line' id='line_1_29' title="bbox 174 3217 1303 3294; baseline 0.002 -18"><span class='ocrx_word' id='word_1_215' title='bbox 174 3219 355 3294; x_wconf 90' lang='lat' dir='ltr'>pervincere</span> <span class='ocrx_word' id='word_1_216' title='bbox 378 3217 513 3277; x_wconf 89' lang='lat' dir='ltr'>voluisse</span> <span class='ocrx_word' id='word_1_217' title='bbox 536 3217 619 3277; x_wconf 86' lang='lat' dir='ltr'>haud</span> <span class='ocrx_word' id='word_1_218' title='bbox 650 3219 743 3280; x_wconf 89' lang='lat' dir='ltr'>facile</span> <span class='ocrx_word' id='word_1_219' title='bbox 767 3221 959 3281; x_wconf 89' lang='lat' dir='ltr'>crediderim.</span> <span class='ocrx_word' id='word_1_220' title='bbox 1004 3221 1093 3279; x_wconf 86' lang='lat' dir='ltr'>Hanc</span> <span class='ocrx_word' id='word_1_221' title='bbox 1116 3219 1303 3280; x_wconf 86' lang='lat' dir='ltr'>virulentam</span> 
     </span>
     <span class='ocr_line' id='line_1_30' title="bbox 172 3319 1302 3400; baseline 0.001 -21"><span class='ocrx_word' id='word_1_222' title='bbox 172 3319 372 3396; x_wconf 87' lang='lat' dir='ltr'>calumniam,</span> <span class='ocrx_word' id='word_1_223' title='bbox 403 3340 464 3395; x_wconf 91' lang='lat' dir='ltr'>qua</span> <span class='ocrx_word' id='word_1_224' title='bbox 494 3326 602 3380; x_wconf 90' lang='lat' dir='ltr'>auctor</span> <span class='ocrx_word' id='word_1_225' title='bbox 631 3321 724 3382; x_wconf 89' lang='lat' dir='ltr'>huius</span> <span class='ocrx_word' id='word_1_226' title='bbox 756 3323 875 3382; x_wconf 89' lang='lat' dir='ltr'>exordii</span> <span class='ocrx_word' id='word_1_227' title='bbox 903 3326 936 3383; x_wconf 90' lang='lat' dir='ltr'>in</span> <span class='ocrx_word' id='word_1_228' title='bbox 958 3322 1115 3382; x_wconf 91' lang='lat' dir='ltr'>Lucilium</span> <span class='ocrx_word' id='word_1_229' title='bbox 1136 3321 1302 3400; x_wconf 90' lang='lat' dir='ltr'>invehitur,</span> 
     </span>
     <span class='ocr_line' id='line_1_31' title="bbox 170 3422 840 3499; baseline 0.004 -18"><span class='ocrx_word' id='word_1_230' title='bbox 170 3422 288 3482; x_wconf 82' lang='lat' dir='ltr'>frustra</span> <span class='ocrx_word' id='word_1_231' title='bbox 312 3423 503 3499; x_wconf 87' lang='lat' dir='ltr'>quaesiveris</span> <span class='ocrx_word' id='word_1_232' title='bbox 526 3427 557 3482; x_wconf 92' lang='lat' dir='ltr'>in</span> <span class='ocrx_word' id='word_1_233' title='bbox 580 3423 686 3483; x_wconf 89' lang='lat' dir='ltr'>satiris</span> <span class='ocrx_word' id='word_1_234' title='bbox 708 3423 840 3485; x_wconf 90' lang='lat' dir='ltr'>Horatii.</span> 
     </span>
    </p>

    <p class='ocr_par' dir='ltr' id='par_1_10' title="bbox 169 3525 1302 4323">
     <span class='ocr_line' id='line_1_32' title="bbox 257 3525 1301 3603; baseline 0.002 -21"><span class='ocrx_word' id='word_1_235' title='bbox 257 3525 362 3602; x_wconf 90' lang='lat' dir='ltr'>Atque</span> <span class='ocrx_word' id='word_1_236' title='bbox 385 3525 497 3603; x_wconf 91' lang='lat' dir='ltr'>etiam,</span> <span class='ocrx_word' id='word_1_237' title='bbox 528 3525 555 3585; x_wconf 92' lang='lat' dir='ltr'>si</span> <span class='ocrx_word' id='word_1_238' title='bbox 579 3525 647 3601; x_wconf 92' lang='lat' dir='ltr'>quis</span> <span class='ocrx_word' id='word_1_239' title='bbox 670 3525 793 3585; x_wconf 91' lang='lat' dir='ltr'>Horatii</span> <span class='ocrx_word' id='word_1_240' title='bbox 816 3529 1021 3602; x_wconf 87' lang='lat' dir='ltr'>sententiam,</span> <span class='ocrx_word' id='word_1_241' title='bbox 1056 3546 1148 3602; x_wconf 89' lang='lat' dir='ltr'>quam</span> <span class='ocrx_word' id='word_1_242' title='bbox 1182 3525 1301 3584; x_wconf 87' lang='lat' dir='ltr'>decima</span> 
     </span>
     <span class='ocr_line' id='line_1_33' title="bbox 170 3627 1301 3707; baseline 0.002 -23"><span class='ocrx_word' id='word_1_243' title='bbox 170 3629 243 3688; x_wconf 89' lang='lat' dir='ltr'>libri</span> <span class='ocrx_word' id='word_1_244' title='bbox 266 3629 356 3706; x_wconf 91' lang='lat' dir='ltr'>primi</span> <span class='ocrx_word' id='word_1_245' title='bbox 379 3631 476 3689; x_wconf 88' lang='lat' dir='ltr'>satira</span> <span class='ocrx_word' id='word_1_246' title='bbox 499 3631 633 3705; x_wconf 87' lang='lat' dir='ltr'>exponit,</span> <span class='ocrx_word' id='word_1_247' title='bbox 656 3629 831 3689; x_wconf 86' lang='lat' dir='ltr'>accuratius</span> <span class='ocrx_word' id='word_1_248' title='bbox 855 3628 1107 3707; x_wconf 88' lang='lat' dir='ltr'>consideraverit,</span> <span class='ocrx_word' id='word_1_249' title='bbox 1130 3629 1160 3688; x_wconf 94' lang='grc'>01</span> <span class='ocrx_word' id='word_1_250' title='bbox 1176 3627 1301 3687; x_wconf 90' lang='lat' dir='ltr'>minime</span> 
     </span>
     <span class='ocr_line' id='line_1_34' title="bbox 171 3729 1300 3809; baseline 0.003 -23"><span class='ocrx_word' id='word_1_251' title='bbox 171 3729 248 3790; x_wconf 89' lang='lat' dir='ltr'>illud</span> <span class='ocrx_word' id='word_1_252' title='bbox 275 3752 386 3806; x_wconf 87' lang='lat' dir='ltr'>,quam</span> <span class='ocrx_word' id='word_1_253' title='bbox 408 3731 452 3792; x_wconf 91' lang='lat' dir='ltr'>sis</span> <span class='ocrx_word' id='word_1_254' title='bbox 475 3731 649 3808; x_wconf 89' lang='lat' dir='ltr'>mendosus,</span> <span class='ocrx_word' id='word_1_255' title='bbox 672 3734 869 3808; x_wconf 66' lang='grc' dir='ltr'>11011111104111ιι</span> <span class='ocrx_word' id='word_1_256' title='bbox 895 3739 967 3809; x_wconf 90' lang='lat' dir='ltr'>apte</span> <span class='ocrx_word' id='word_1_257' title='bbox 991 3731 1108 3791; x_wconf 90' lang='lat' dir='ltr'>dictum</span> <span class='ocrx_word' id='word_1_258' title='bbox 1131 3751 1200 3791; x_wconf 88' lang='lat' dir='ltr'>esse</span> <span class='ocrx_word' id='word_1_259' title='bbox 1215 3731 1300 3790; x_wconf 91' lang='lat' dir='ltr'>vide·</span> 
     </span>
     <span class='ocr_line' id='line_1_35' title="bbox 173 3832 1300 3909; baseline 0.001 -18"><span class='ocrx_word' id='word_1_260' title='bbox 173 3833 264 3892; x_wconf 92' lang='lat' dir='ltr'>bitur.</span> <span class='ocrx_word' id='word_1_261' title='bbox 316 3834 392 3893; x_wconf 83' lang='lat' dir='ltr'>Cum</span> <span class='ocrx_word' id='word_1_262' title='bbox 421 3833 572 3893; x_wconf 92' lang='lat' dir='ltr'>Horatius</span> <span class='ocrx_word' id='word_1_263' title='bbox 608 3832 705 3893; x_wconf 89' lang='lat' dir='ltr'>satira</span> <span class='ocrx_word' id='word_1_264' title='bbox 735 3841 846 3909; x_wconf 89' lang='lat' dir='ltr'>quarta</span> <span class='ocrx_word' id='word_1_265' title='bbox 875 3837 908 3893; x_wconf 92' lang='lat' dir='ltr'>in</span> <span class='ocrx_word' id='word_1_266' title='bbox 937 3834 1052 3893; x_wconf 90' lang='lat' dir='ltr'>Lucilii</span> <span class='ocrx_word' id='word_1_267' title='bbox 1081 3833 1159 3893; x_wconf 87' lang='lat' dir='ltr'>vitia</span> <span class='ocrx_word' id='word_1_268' title='bbox 1193 3853 1300 3892; x_wconf 91' lang='lat' dir='ltr'>severe</span> 
     </span>
     <span class='ocr_line' id='line_1_36' title="bbox 171 3935 1302 4014; baseline 0 -21"><span class='ocrx_word' id='word_1_269' title='bbox 171 3938 312 3994; x_wconf 90' lang='lat' dir='ltr'>invectus</span> <span class='ocrx_word' id='word_1_270' title='bbox 342 3946 438 4013; x_wconf 88' lang='lat' dir='ltr'>esset,</span> <span class='ocrx_word' id='word_1_271' title='bbox 468 3936 587 3997; x_wconf 82' lang='lat' dir='ltr'>factum</span> <span class='ocrx_word' id='word_1_272' title='bbox 610 3943 672 4014; x_wconf 90' lang='lat' dir='ltr'>est,</span> <span class='ocrx_word' id='word_1_273' title='bbox 705 3943 740 3996; x_wconf 94' lang='lat' dir='ltr'>ut</span> <span class='ocrx_word' id='word_1_274' title='bbox 771 3936 802 3995; x_wconf 90' lang='lat' dir='ltr'>in</span> <span class='ocrx_word' id='word_1_275' title='bbox 825 3955 930 3996; x_wconf 91' lang='lat' dir='ltr'>eorum</span> <span class='ocrx_word' id='word_1_276' title='bbox 954 3937 1058 3996; x_wconf 89' lang='lat' dir='ltr'>odium</span> <span class='ocrx_word' id='word_1_277' title='bbox 1080 3936 1217 4011; x_wconf 90' lang='lat' dir='ltr'>veniret,</span> <span class='ocrx_word' id='word_1_278' title='bbox 1249 3935 1302 4011; x_wconf 90' lang='lat' dir='ltr'>qui</span> 
     </span>
     <span class='ocr_line' id='line_1_37' title="bbox 170 4037 1301 4117; baseline 0 -21"><span class='ocrx_word' id='word_1_279' title='bbox 170 4037 290 4096; x_wconf 90' lang='lat' dir='ltr'>Lucilio</span> <span class='ocrx_word' id='word_1_280' title='bbox 320 4037 477 4099; x_wconf 86' lang='lat' dir='ltr'>favebant.</span> <span class='ocrx_word' id='word_1_281' title='bbox 528 4040 639 4115; x_wconf 92' lang='lat' dir='ltr'>Itaque</span> <span class='ocrx_word' id='word_1_282' title='bbox 670 4039 766 4098; x_wconf 89' lang='lat' dir='ltr'>satira</span> <span class='ocrx_word' id='word_1_283' title='bbox 798 4040 933 4117; x_wconf 87' lang='lat' dir='ltr'>decima,</span> <span class='ocrx_word' id='word_1_284' title='bbox 967 4048 1002 4100; x_wconf 91' lang='lat' dir='ltr'>ut</span> <span class='ocrx_word' id='word_1_285' title='bbox 1031 4041 1070 4098; x_wconf 89' lang='lat' dir='ltr'>ab</span> <span class='ocrx_word' id='word_1_286' title='bbox 1101 4037 1220 4097; x_wconf 90' lang='lat' dir='ltr'>invidia</span> <span class='ocrx_word' id='word_1_287' title='bbox 1247 4038 1301 4096; x_wconf 90' lang='lat' dir='ltr'>ad-</span> 
     </span>
     <span class='ocr_line' id='line_1_38' title="bbox 170 4140 1301 4220; baseline 0.001 -21"><span class='ocrx_word' id='word_1_288' title='bbox 170 4141 376 4199; x_wconf 89' lang='lat' dir='ltr'>versariorum</span> <span class='ocrx_word' id='word_1_289' title='bbox 399 4162 432 4200; x_wconf 91' lang='lat' dir='ltr'>se</span> <span class='ocrx_word' id='word_1_290' title='bbox 455 4143 609 4220; x_wconf 89' lang='lat' dir='ltr'>vindicet,</span> <span class='ocrx_word' id='word_1_291' title='bbox 643 4163 704 4200; x_wconf 91' lang='lat' dir='ltr'>non</span> <span class='ocrx_word' id='word_1_292' title='bbox 727 4143 817 4202; x_wconf 93' lang='lat' dir='ltr'>modo</span> <span class='ocrx_word' id='word_1_293' title='bbox 840 4162 894 4219; x_wconf 91' lang='lat' dir='ltr'>ea,</span> <span class='ocrx_word' id='word_1_294' title='bbox 924 4163 1002 4219; x_wconf 88' lang='lat' dir='ltr'>quae</span> <span class='ocrx_word' id='word_1_295' title='bbox 1026 4142 1064 4201; x_wconf 93' lang='lat' dir='ltr'>de</span> <span class='ocrx_word' id='word_1_296' title='bbox 1087 4140 1209 4200; x_wconf 88' lang='lat' dir='ltr'>Lucilio</span> <span class='ocrx_word' id='word_1_297' title='bbox 1232 4162 1301 4219; x_wconf 89' lang='lat' dir='ltr'>pro·</span> 
     </span>
     <span class='ocr_line' id='line_1_39' title="bbox 169 4242 1298 4323; baseline 0.002 -21"><span class='ocrx_word' id='word_1_298' title='bbox 169 4244 299 4319; x_wconf 90' lang='lat' dir='ltr'>tulerat,</span> <span class='ocrx_word' id='word_1_299' title='bbox 331 4242 471 4302; x_wconf 83' lang='lat' dir='ltr'>defendit</span> <span class='ocrx_word' id='word_1_300' title='bbox 501 4257 595 4320; x_wconf 90' lang='lat' dir='ltr'>atque</span> <span class='ocrx_word' id='word_1_301' title='bbox 626 4245 820 4323; x_wconf 86' lang='lat' dir='ltr'>comprobat,</span> <span class='ocrx_word' id='word_1_302' title='bbox 851 4264 958 4305; x_wconf 90' lang='lat' dir='ltr'>verum</span> <span class='ocrx_word' id='word_1_303' title='bbox 993 4248 1086 4303; x_wconf 91' lang='lat' dir='ltr'>etiam</span> <span class='ocrx_word' id='word_1_304' title='bbox 1116 4244 1298 4321; x_wconf 89' lang='lat' dir='ltr'>diligentius</span> 
     </span>
    </p>
   </div>
   <div class='ocr_carea' id='block_1_5' title="bbox 0 0 1482 4822">
    <p class='ocr_par' dir='ltr' id='par_1_11' title="bbox 0 0 1482 4822">
     <span class='ocr_line' id='line_1_40' title="bbox 0 0 1482 4822; baseline 0 2"><span class='ocrx_word' id='word_1_305' title='bbox 0 0 1482 4822; x_wconf 95' lang='lat' dir='ltr'> </span> 
     </span>
    </p>
   </div>
  </div>
 </body>
</html>
