2956 4822
653 318 865 382 ..17-

133 516 138 531 ·
174 490 313 551 vstitisse
336 498 367 549 et
390 496 516 567 postea,
551 510 620 549 cum
650 491 731 550 liber
761 490 873 551 iterum
896 489 981 552 foras
1014 491 1158 570 daretur,
1191 501 1324 571 apoeta

189 613 256 652 esse
279 600 426 652 resectos.
1331 652 1340 680 ι

276 694 432 756 Confiteor
454 695 530 754 mihi
560 699 658 773 primo
689 696 802 756 obtutu
831 696 912 757 hano
942 697 1144 775 sententiam,
1175 701 1320 775 quoniam

187 818 298 858 revera
320 797 507 875 prooemium
531 806 646 859 temere
663 798 890 877 agglutinatum
907 819 975 860 esse
990 798 1123 878 videtur,
1138 803 1318 878 neutiquam

188 900 393 977 displicuisse.
438 900 500 960 Sed
521 903 703 978 priusquam
724 902 874 961 Muellero
905 902 1118 980 assentiamur,
1148 903 1318 983 videamus,

189 1002 264 1079 quid
286 1003 339 1062 alii
361 1006 421 1062 viri
444 1002 529 1063 docti
552 1003 590 1063 da
613 1004 662 1064 his
685 1005 829 1064 versibus
856 1004 1070 1065 iudicaverint.

273 1127 293 1203 ξ
317 1126 345 1184 7.
389 1125 670 1185 Commentationes
693 1133 796 1186 autem
827 1127 865 1184 de
894 1125 1009 1186 satirae
1032 1126 1169 1187 decimae
1192 1125 1317 1185 exordio

186 1227 321 1305 scriptas
344 1228 517 1306 perlegenti
545 1248 694 1306 perquam
717 1229 796 1288 bene
819 1227 937 1290 dictum
959 1229 1039 1289 illud
1061 1229 1201 1290 Terentii
1223 1237 1318 1307 „quot

186 1330 326 1391 homines
359 1337 407 1390 tot
440 1333 632 1391 sententiae“
665 1330 741 1390 mihi
771 1330 873 1391 visum
896 1338 952 1408 est,
983 1331 1128 1408 quoniam
1162 1337 1238 1410 quot
1258 1331 1319 1391 viri

186 1436 399 1511 quaestionem
413 1433 626 1511 instituerunt,
642 1440 689 1493 tot
704 1431 769 1494 fere
785 1440 1013 1511 proposuerunt
1028 1439 1207 1495 sententias.
1237 1434 1317 1494 Nam

187 1536 239 1595 alii
261 1536 320 1597 hoo
342 1538 531 1615 prooemium
555 1545 586 1597 et
608 1536 732 1596 Horatii
753 1537 877 1614 ingenio
901 1536 1031 1614 dignum
1046 1557 1114 1598 esse
1130 1545 1317 1598 censuerunt

186 1645 217 1697 et
239 1658 294 1698 suo
317 1639 384 1699 loco
417 1646 538 1717 aptum,
570 1640 624 1699 alii
654 1641 758 1718 inepte
790 1639 822 1698 in
852 1639 1005 1718 principio
1035 1639 1150 1701 satirae
1172 1640 1316 1718 positum,

184 1741 239 1802 sed
262 1743 302 1803 ab
325 1742 455 1802 Horatio
479 1749 582 1803 tamen
605 1742 787 1822 profectum,
821 1743 875 1803 alii
896 1763 958 1803 non
980 1748 1103 1803 tantum
1125 1743 1192 1803 loco
1213 1741 1316 1821 depel-

142 1895 144 1898 ,
182 1842 321 1922 lendum,
351 1866 458 1906 verum
489 1846 582 1905 etiam
613 1853 648 1906 ut
677 1847 886 1906 adulterinum
916 1868 934 1906 a
962 1851 1055 1924 poeta
1077 1846 1236 1906 Venusino
1260 1846 1313 1906 ab·

182 1948 381 2009 iudicandum
404 1949 535 2026 ideoque
558 1970 574 2009 e
597 1956 745 2010 contextu
766 1950 995 2010 removendum.

266 2070 370 2146 Atque
394 2075 429 2128 ut
450 2072 584 2146 primum
607 2070 645 2129 de
667 2070 707 2130 iis
738 2070 835 2130 verba
868 2068 1034 2144 faciamus,
1073 2067 1126 2145 qui
1160 2067 1314 2146 genuinos

182 2192 250 2232 esse
265 2192 374 2233 versus
391 2178 422 2231 et
438 2192 493 2232 suo
509 2172 577 2232 loco
590 2175 709 2250 positos
721 2179 858 2250 censent,
871 2175 989 2250 primus
1005 2172 1274 2249 Heusingerus
1288 2172 1315 2248 1)

180 2275 261 2333 hane
276 2274 464 2333 sententiam
487 2275 627 2351 protulit.
672 2274 770 2346 Quem
785 2281 910 2352 praeter
926 2275 1003 2335 alios
1027 2274 1119 2352 viros,
1143 2276 1196 2351 qui
1219 2277 1315 2334 ratio·

179 2396 235 2435 nes
259 2396 331 2439 suas
355 2375 470 2436 certius
492 2397 553 2436 non
583 2378 870 2456 pronuntiaverunt,
901 2385 1028 2439 secutus
1059 2384 1108 2438 est
1139 2376 1312 2437 Guilelmus

179 2477 416 2560 Doerrngr).
461 2478 521 2552 Qui
551 2484 672 2540 censuit
704 2501 812 2541 versus
842 2481 912 2541 illos
942 2481 992 2541 vel
1022 2483 1060 2540 ab
1091 2480 1227 2558 homine,
1259 2480 1312 2556 qui

180 2599 286 2642 eorum
308 2602 433 2642 sensum
457 2590 488 2642 et
512 2603 623 2642 nexum
646 2603 707 2643 non
730 2586 875 2662 cepisset,
900 2583 1016 2643 eiectos
1039 2583 1088 2642 vel
1112 2602 1187 2643 casu
1208 2582 1313 2642 nescio

178 2706 238 2762 quo
271 2688 400 2747 omissos
430 2686 481 2746 vel
512 2688 625 2762 equitis
656 2686 741 2746 illius
771 2686 865 2746 derisi
904 2668 998 2746 causa
1029 2684 1149 2746 deletos
1179 2684 1311 2745 Horatio

178 2807 247 2848 esse
270 2788 464 2866 tribuendos,
492 2809 554 2849 non
576 2789 676 2848 solum
699 2787 782 2864 quod
814 2788 901 2866 digni
924 2794 1043 2867 essent,
1075 2791 1128 2865 qui
1149 2787 1182 2847 in
1204 2787 1310 2847 limine

177 2894 292 2950 satirae
316 2891 452 2951 decimae
476 2892 576 2952 locum
611 2892 803 2968 obtinerent,
836 2891 892 2951 sed
924 2890 1019 2951 etiam
1050 2890 1133 2967 quod
1163 2890 1307 2951 versibus

178 2993 227 3053 his
250 2994 371 3055 omissis
395 3016 455 3056 vox
479 2997 623 3074 „nempe“
645 3015 707 3055 non
729 2994 860 3054 haberet
889 3015 949 3071 quo
981 2993 1158 3054 referretur.
1203 2992 1307 3068 Atque

177 3096 217 3155 ad
241 3096 370 3155 eandem
392 3098 578 3158 sententiam
601 3098 734 3158 accessit
764 3097 1010 3177 Apitzius³),
1049 3099 1102 3173 qui
1132 3113 1242 3154 versus
1271 3113 1309 3152 ax

176 3196 358 3275 longissimo
381 3199 528 3276 temporis
550 3200 651 3277 spatio
674 3200 805 3258 multum
834 3205 964 3260 vexatos
986 3219 1047 3258 non
1070 3198 1202 3275 amplius
1223 3198 1308 3256 solli·

176 3299 328 3376 citandos,
351 3302 407 3360 sed
430 3308 540 3362 octavo
564 3308 706 3380 exempto
737 3301 869 3362 Horatio
900 3301 1020 3361 auctori
1041 3299 1216 3360 reddendos
1239 3319 1307 3360 esse

176 3402 305 3481 censuit,
328 3403 411 3480 quod
433 3423 489 3464 nec
511 3424 611 3480 genus
634 3403 759 3465 dicendi
780 3424 881 3482 neque
911 3404 1081 3481 quidquam
1104 3401 1189 3463 aliud
1211 3401 1306 3462 inter-

262 3608 288 3673 1)
306 3607 326 3661 J
333 3623 378 3662 ac.
397 3605 492 3661 Frid.
517 3605 779 3676 Heusingerus‚
805 3605 850 3660 De
874 3604 997 3660 versibus
1016 3602 1187 3669 Horatianis,
1205 3602 1306 3673 quibus

175 3707 255 3760 eques
273 3693 457 3763 importunus,
482 3691 581 3747 Lucilii
604 3691 740 3757 defensor,
763 3692 851 3746 facete
867 3689 1083 3760 reprehenditur,
1105 3706 1189 3744 causa
1206 3704 1305 3758 parum

174 3777 320 3831 manifesta
337 3777 373 3832 ab
392 3778 512 3833 Horatio
529 3777 702 3844 abiudicatis,
720 3775 859 3833 Guelferb.
879 3777 954 3831 1759.

242 3860 269 3928 2)
288 3863 340 3916 Fr.
363 3863 455 3918 Guil.
479 3863 716 3934 Doeringius‚
743 3861 887 3930 Quaedam
912 3861 947 3914 da
965 3861 1076 3916 Horatii
1094 3866 1157 3917 octo
1175 3874 1305 3914 versuum

173 3946 235 4012 (sat.
254 3946 269 3999 Ι
289 3948 329 4013 10,
348 3950 424 4016 1-8)
443 3950 599 4020 integritate
620 3954 728 4019 praeter
744 3965 801 4003 rem
819 3947 848 4001 in
867 3946 1050 4017 suspicionem
1069 3950 1173 4000 vocata.
1209 3944 1304 4013 Pr0gr.

174 4031 259 4087 Goth.
280 4032 355 4086 1822.

257 4118 284 4182 3)
308 4119 496 4188 Apitzius‚
523 4120 567 4176 De
591 4126 681 4176 aetate
703 4125 861 4191 poematum
884 4120 1103 4175 Horatianorum
1127 4133 1144 4170 a
1166 4113 1304 4170 Richardo

169 4202 294 4259 Bentleio
311 4204 430 4258 inventa.
466 4205 581 4261 Adieeto
599 4208 745 4276 specimine
766 4206 1003 4261 coniectaneorum
1020 4204 1048 4258 in
1067 4200 1180 4256 Horatii
1198 4200 1304 4266 satiras,

169 4288 257 4344 Berol
278 4289 352 4356 1833,
370 4296 397 4344 et
415 4290 599 4346 Coniectanea
616 4294 645 4344 in
658 4291 770 4346 Horatii
788 4291 895 4358 satiras,
913 4291 1004 4346 Berol.
1024 4289 1098 4344 1856.
