2956 4822
636 317 849 382 ,15-

173 497 336 551 venustate
359 489 503 567 depingit
524 492 557 549 in
579 488 676 551 satira
696 489 758 565 16,
779 491 829 566 55,
851 488 907 549 ubi
926 490 1017 565 primi
1034 488 1074 548 ad
1089 489 1304 550 Maecenatem

173 590 279 652 aditus
302 591 543 670 descriptionem
565 591 712 669 legimus:

300 728 486 808 „Vergilius
509 736 580 807 post
603 729 685 789 hunc
708 729 822 790 Varius
846 729 959 807 dixere,
982 728 1057 806 quid
1080 748 1188 790 essem.

302 833 347 893 Ut
368 835 441 893 veni
464 852 574 909 coram,
597 832 758 910 singultim
781 853 880 911 pauca
902 833 1033 908 locutus,

302 933 411 996 Infans
433 954 565 1011 namque
588 932 689 1013 pudor
710 935 897 1012 prohibebat
919 935 1009 1013 plura
1033 933 1158 1013 profari,

301 1084 486 1098 .......
509 1037 689 1116 respondes,
712 1047 747 1097 ut
770 1047 842 1100 tuus
865 1047 1010 1114 estmoe,

300 1141 418 1202 Pauca:
442 1142 533 1216 abeo;
556 1154 588 1200 et
609 1161 737 1202 revocas
760 1161 839 1202 nono
862 1135 933 1220 post
956 1161 1060 1203 mense
1082 1141 1232 1219 iubesque

299 1244 377 1305 Esse
399 1247 432 1303 in
455 1243 621 1304 amicorum
643 1246 795 1304 numero.“

170 1363 321 1425 Horatius
354 1363 468 1440 igitur,
505 1371 669 1440 postquam
703 1362 836 1441 primum
866 1384 934 1424 cum
966 1364 1147 1426 Maecenate
1177 1366 1304 1424 ineunte

171 1486 253 1526 anno
277 1468 339 1525 716
363 1484 547 1543 congressus
570 1475 626 1541 est,
660 1465 732 1525 inde
754 1485 834 1526 nono
867 1466 990 1526 demum
1012 1485 1116 1526 mense
1138 1473 1303 1527 revocatus

170 1576 204 1627 et
227 1568 267 1628 ad
288 1567 466 1628 interiorem
489 1566 556 1627 eius
578 1565 821 1627 familiaritatem
844 1567 998 1629 admissus
1021 1578 1077 1629 est.

258 1688 340 1748 Hinc
362 1708 484 1749 versum
511 1691 626 1748 satirae
656 1691 767 1748 tertiae
800 1688 888 1749 illum
918 1690 958 1748 63
990 1697 1045 1748 aut
1067 1697 1199 1749 exeunte
1222 1708 1302 1748 anno

172 1791 235 1850 716
258 1798 312 1851 aut
340 1791 449 1869 primis
480 1794 553 1850 anni
577 1793 638 1851 717
668 1791 827 1852 mensibus
851 1804 953 1854 ortum
978 1811 1047 1853 esse
1070 1801 1207 1870 apparet,
1234 1812 1303 1852 cum

172 1891 350 1954 interiorem
373 1894 527 1971 quandam
550 1894 828 1972 necessitudinem,
857 1895 913 1955 sed
936 1915 998 1955 non
1020 1895 1190 1972 longiorem
1213 1915 1304 1956 usum

171 1997 292 2073 prodat.

258 2135 277 2212 ξ
301 2136 328 2194 5.
374 2134 441 2206 Quo
466 2135 589 2211 quidem
612 2144 750 2213 tempore
781 2134 912 2195 firmiter
945 2138 1115 2195 constituto
1146 2136 1239 2194 etiam
1263 2133 1302 2194 de

171 2236 263 2296 buius
286 2237 400 2297 satirae
424 2246 528 2297 aetate
558 2237 767 2315 probabiliora
790 2238 893 2298 dicere
915 2238 1032 2298 licebit.
1077 2239 1155 2296 Fere
1186 2235 1303 2297 eisdem

172 2339 366 2414 temporibus
389 2339 580 2416 conscriptas
604 2358 671 2399 esse
695 2345 814 2401 ceteras
843 2340 935 2401 huius
966 2341 1081 2400 satirae
1104 2338 1209 2417 partes
1232 2359 1302 2418 pro-

171 2441 276 2501 babile
299 2460 368 2501 esse
390 2461 485 2519 supra
508 2441 714 2520 exposuimus.
759 2441 837 2503 Oum
867 2442 964 2519 igitur
985 2463 1094 2503 versus
1118 2444 1158 2501 63
1182 2443 1301 2501 nullum

172 2543 353 2621 posterioris
376 2547 525 2622 temporis
547 2543 695 2606 indicium
719 2546 876 2622 praebeat,
891 2545 969 2604 nihil
984 2545 1122 2624 impedit,
1138 2545 1302 2622 quominus

170 2654 344 2707 statuamus
372 2652 426 2706 aut
455 2656 587 2706 exeunte
619 2668 699 2708 anno
731 2649 793 2707 716
824 2656 878 2707 aut
900 2647 973 2706 anni
997 2649 1057 2708 717
1082 2647 1206 2708 exordio
1231 2668 1301 2707 con-

171 2748 287 2810 fectam
309 2769 377 2810 esse
401 2757 499 2810 totam
520 2750 656 2810 satiram.

258 2852 377 2924 Quibus
400 2853 542 2912 omnibus
564 2852 715 2930 expositis
751 2859 882 2931 apparet
904 2852 939 2911 L.
962 2853 1104 2913 Muelleri
1127 2853 1302 2932 opinionem

170 2954 392 3015 infirmioribus
414 2955 473 3014 niti
495 2954 706 3015 fundamentis
729 2975 821 3032 quam
850 2955 963 3032 quibus
985 2955 1063 3017 fides
1085 2955 1229 3016 habenda
1252 2959 1302 3017 sit.

62 3062 65 3066 '
170 3058 275 3135 Atque
309 3058 362 3134 qui
395 3058 491 3117 verba
523 3058 615 3118 huius
647 3078 756 3119 versus
784 3059 853 3136 ipsa
885 3059 985 3119 animo
1019 3059 1139 3119 sincero
1168 3057 1301 3118 necdum
1384 3129 1387 3136 Ι

170 3159 346 3238 suspicione
370 3161 501 3236 quadam
523 3170 750 3239 praeoccupato
772 3162 952 3239 inspexerit,
971 3181 1086 3239 negare
1108 3180 1169 3219 nou
1185 3160 1300 3237 poterit

170 3283 207 3322 ea
236 3262 296 3322 iam
327 3261 358 3321 in
392 3263 493 3339 priore
528 3262 664 3323 editione
693 3267 795 3324 inesse
826 3266 973 3342 potuisse.
1018 3263 1095 3324 (ium
1118 3262 1169 3323 hic
1191 3282 1300 3324 versus

170 3386 270 3443 neque
292 3364 493 3443 imperfectus
516 3365 679 3441 sitneque
702 3366 786 3426 aliud
810 3366 1015 3426 additamenti
1038 3365 1204 3443 vestigium
1225 3386 1299 3444 prae

170 3490 204 3530 se
237 3468 333 3544 ferat,
367 3488 435 3526 eum
467 3467 562 3545 priori
596 3468 784 3547 recensioni,
818 3473 845 3529 si
874 3469 964 3528 modo
995 3467 1074 3528 duae
1103 3472 1299 3530 recensiones

169 3571 354 3631 statuendae
377 3580 458 3648 sunt,
481 3571 619 3630 tribuere
634 3591 696 3629 non
711 3591 860 3631 veremur.
893 3570 1004 3630 Omnia
1019 3570 1070 3631 hic
1085 3577 1120 3630 ut
1135 3574 1168 3630 in
1183 3571 1300 3649 optima

171 3694 291 3751 quaque
314 3677 411 3734 satira
433 3675 515 3734 inter
537 3694 570 3734 se
605 3684 779 3751 congruunt
810 3683 902 3751 atque
931 3684 993 3733 tam
1017 3675 1096 3734 bene
1119 3674 1299 3751 procedunt,

170 3783 206 3833 ut
235 3777 318 3835 hunc
347 3797 469 3837 versum
503 3781 617 3836 satirae
651 3777 712 3836 iam
742 3775 899 3854 perfectae
930 3777 1093 3853 editasque
1115 3784 1224 3854 postea
1246 3777 1299 3836 ad-

170 3878 320 3952 scriptum
342 3898 410 3938 esse
433 3881 471 3938 ab
495 3880 577 3938 omni
610 3879 835 3957 probabilitate
857 3879 1028 3939 abhorreat
1074 3879 1151 3937 Mihi
1174 3879 1299 3955 quidem

169 3978 221 4038 hic
244 3998 352 4038 versus
371 4001 430 4039 non
447 3982 544 4040 solum
560 3981 728 4058 ingeniose,
745 3981 801 4041 sed
817 3981 911 4040 etiam
927 3982 1092 4043 artificiose
1108 3985 1297 4059 compositus

170 4101 238 4141 esse
261 4080 393 4158 videtur,
414 4102 474 4157 quo
497 4093 588 4160 poeta
610 4105 671 4143 non
686 4085 765 4143 male
782 4093 905 4161 arrepta
921 4085 1082 4145 occasione
1097 4084 1296 4160 Maecenatis,

169 4182 306 4261 potentis
328 4181 460 4242 fautoris
482 4192 513 4242 et
535 4186 640 4262 amici,
668 4187 855 4246 mentionem
884 4185 961 4246 facit
989 4198 1082 4263 atque
1116 4186 1297 4261 aequalibus

168 4292 202 4345 et
243 4285 394 4363 imprimis
435 4286 711 4365 obtrectatoribus,
754 4289 808 4366 qui
852 4308 921 4348 eum
965 4289 1065 4366 turpis
1110 4288 1297 4349 adulationis
