2956 4822
629 273 844 337 ...16-

168 463 255 509 reum
285 445 435 523 agebant,
469 445 552 505 clare
582 443 788 522 demonstrat,
805 462 882 520 ¹qua
912 442 1124 507 familiaritate
1139 468 1141 473 ·
1154 462 1224 505 cum
1245 443 1306 505 illo

170 547 354 607 coniunctus
378 548 427 608 sit.

713 802 757 864 ΙΙ.

258 924 278 1001 ξ
302 924 329 982 6.
374 921 596 1000 Progredimur
617 942 699 982 nunc
724 923 764 983 ad
787 931 891 983 cetera
913 929 1102 1001 argumenta,
1126 942 1204 1000 quae
1226 921 1307 982 Lu·

173 1025 320 1086 cianus
342 1025 569 1084 Muellerus
591 1022 690 1102 affert,
713 1032 749 1085 ut
770 1025 935 1085 Horatium
959 1026 1037 1085 duas
1051 1025 1125 1085 libri
1139 1025 1308 1087 satirarum

173 1129 286 1207 prioris
309 1127 463 1188 editiones
478 1126 590 1189 fecisse
605 1128 725 1205 probet.
767 1129 814 1188 Ac
830 1128 990 1189 contendit
1004 1128 1132 1189 satiram
1147 1127 1309 1207 decimam,

174 1232 298 1308 qualem
318 1250 401 1291 nuuc
434 1229 559 1307 quidem
580 1230 721 1307 legimus,
753 1250 791 1290 ex
824 1229 941 1310 duplici
971 1231 1150 1292 recensione
1172 1252 1191 1291 a
1212 1235 1311 1309 poeta

174 1334 243 1412 ipso
265 1333 411 1394 instituta
433 1352 501 1394 esse
524 1338 624 1394 ortam
643 1340 675 1393 et
690 1333 841 1411 praebere
857 1332 1166 1422 duoretractationis
1181 1331 1308 1394 iudicia.

176 1457 179 1462 ’
260 1454 365 1530 Atque
387 1453 520 1533 primum
544 1452 669 1530 quidem
692 1453 797 1530 agitur
826 1454 865 1513 de
888 1462 958 1514 octo
981 1455 1130 1533 versibus,
1153 1453 1311 1531 aquibus

177 1555 273 1616 satira
295 1555 413 1616 decima
444 1556 528 1633 capit
549 1554 679 1615 initium.
722 1555 761 1616 In
784 1555 892 1633 paucis
915 1556 996 1616 enim
1016 1548 1178 1618 'codicibus
1200 1556 1309 1632 eisque

176 1658 400 1719 recentioribus
432 1666 464 1718 et
496 1658 702 1718 deterioribus
732 1659 847 1719 satirae
877 1660 1013 1719 decimae
1042 1659 1205 1737 praemissi
1236 1664 1313 1719 suut

177 1762 214 1820 hi·
238 1769 306 1821 octo
328 1781 437 1822 versus
460 1782 479 1821 a
500 1760 677 1822 scholiastis
699 1781 761 1821 nou
783 1761 950 1840 explicati:

311 1881 437 1959 „Lucili
460 1901 553 1958 quam
576 1884 619 1940 sis
641 1880 815 1958 mendosus,
838 1889 919 1942 teste
941 1880 1060 1942 Catone

307 1983 477 2044 Defensore
500 1993 553 2043 tuo
576 1987 763 2061 pervincum,
786 1988 840 2060 qui
861 1985 941 2044 male
963 1982 1064 2045 factos

308 2086 480 2146 Emendare
503 2096 593 2165 parat
614 2106 724 2146 versus
746 2087 816 2162 (hoc
838 2087 938 2147 lenius
960 2086 1022 2163 ille,

311 2188 378 2261 Quo
402 2189 510 2250 melior
530 2189 580 2249 vir
602 2198 634 2250 et
656 2196 704 2250 est
725 2190 818 2267 longe
840 2189 986 2250 subtilior
1007 2193 1077 2266 isto,

313 2291 374 2364 Qui
396 2292 527 2352 multum
549 2290 751 2372 puernmst1)
774 2292 849 2352 loris
871 2301 904 2352 et
925 2290 1053 2353 funibus
1075 2292 1145 2352 udis

310 2392 557 2474 Exhortatue)²)
570 2393 609 2475 ³),
631 2402 667 2454 ut
690 2402 773 2455 esset
795 2415 884 2472 opem
906 2394 959 2471 qui
981 2393 1062 2454 ferre
1085 2397 1187 2471 poetis

312 2495 459 2573 Antiquis
481 2509 588 2573 posset
610 2505 718 2557 contra
739 2495 867 2557 fastidia
889 2510 1004 2574 nostra,

313 2598 590 2659 Grammaticorum
613 2599 751 2676 equitum
774 2599 979 2660 doctissimus.
1009 2600 1054 2660 Ut
1068 2600 1194 2659 redeam
1209 2598 1313 2685 illuc.“

272 2718 356 2792 Quos
388 2738 505 2796 versus,
538 2720 591 2795 qui
626 2722 664 2779 ab
694 2720 918 2797 antiquissimis
940 2721 1131 2798 temporibus
1152 2736 1251 2795 usque
1274 2717 1317 2777 ad

186 2823 268 2882 hunc
301 2821 381 2881 diem
411 2821 628 2898 gravissimam
662 2822 834 2882 molestiam
864 2825 939 2882 viris
970 2821 1069 2883 doctis
1098 2823 1314 2898 exhibuerunt,

187 2934 293 2986 censet
308 2924 477 2984 Muellerus
499 2924 532 2983 in
554 2924 656 3002 priore
678 2926 718 2985 ab
740 2925 807 3004 ipso
823 2926 955 2986 Horatio
978 2932 1085 2986 curata
1107 2924 1242 2985 editione
1264 2943 1317 2984 ex-

274 3126 300 3194 1)
325 3124 461 3190 „Puerum
487 3129 543 3180 eet“
570 3142 621 3195 pro
645 3125 747 3180 tradito
773 3142 857 3196 „puer
879 3126 924 3180 et”
952 3125 1096 3197 legendum
1122 3143 1180 3181 esse
1212 3125 1320 3196 primus

188 3210 303 3266 coniecit
316 3209 483 3280 Reisigiu
492 3228 513 3264 s.
540 3210 632 3277 Quam
644 3211 829 3265 coniecturam
842 3210 1072 3281 simchissimam
1091 3217 1119 3266 et
1136 3210 1318 3266 certissimam

189 3312 247 3351 esse
263 3294 363 3349 iudico.

275 3380 302 3443 2)
320 3380 354 3433 In
381 3381 476 3436 multis
503 3380 641 3436 codicibus
671 3381 771 3452 legitur
802 3387 971 3448 ‚,exoratus“.
1013 3383 1045 3436 L.
1068 3382 1218 3438 Muellerus
1247 3386 1321 3436 recte

190 3465 305 3521 adnotat
331 3465 384 3520 hoc
411 3484 444 3521 ex
477 3466 614 3536 scriptura
637 3467 753 3533 „ortari“
776 3471 867 3522 ortum
893 3485 951 3522 esse
977 3474 1026 3522 aut
1051 3467 1124 3538 quod
1143 3472 1243 3538 ‚,puer“
1261 3483 1318 3521 uon

190 3556 317 3622 apertum
336 3551 370 3605 ad
388 3551 601 3622 intellegendum
620 3558 685 3606 erat.
721 3552 767 3606 Ita
784 3553 856 3606 enim
873 3553 980 3607 factum
998 3559 1047 3619 est,
1072 3559 1104 3606 ut
1121 3552 1250 3623 permulti
1267 3552 1318 3604 viri

191 3639 220 3691 in
240 3636 433 3703 ‚,exhortatns“
462 3637 569 3707 passive
594 3639 686 3708 posito
710 3637 880 3693 offenderent
903 3644 975 3693 recte
1000 3639 1067 3704 rati,
1092 3638 1167 3694 hunc
1185 3655 1265 3692 usum
1283 3637 1320 3692 ab

192 3722 350 3778 Horatiana
367 3727 456 3776 aetate
473 3722 554 3791 plane
571 3722 724 3789 abhorrere,
742 3729 769 3777 et
787 3723 833 3777 alii
851 3723 906 3776 alia
929 3723 1105 3778 difficultatis
1123 3723 1242 3778 remedia
1258 3740 1320 3793 pro·

192 3808 303 3863 ferrent
980 3856 982 3861 .

278 3893 305 3960 3)
323 3892 355 3945 L.
374 3891 523 3946 Muellerus
547 3893 625 3946 uncis
647 3893 780 3963 appositis
803 3893 888 3948 verba
912 3893 981 3960 „hoc
1003 3893 1091 3948 lenius
1109 3894 1156 3950 ille
1167 3934 1254 3948 .....
1273 3911 1320 3948 ex·

193 3978 337 4033 hortatue“
362 3993 379 4030 a
404 3977 516 4046 reliquis
538 3977 663 4031 secludit.
700 3978 783 4033 Recte
807 3979 880 4033 enim
902 3985 979 4033 ratus
1002 3979 1114 4033 omniuo
1131 3979 1249 4050 perspici
1266 3995 1322 4033 non

194 4077 282 4131 posse,
300 4061 438 4130 quomodo
456 4062 517 4131 quis
535 4079 651 4132 puerum
670 4062 809 4118 exhortari
827 4065 923 4134 possit,
941 4070 974 4118 ut
991 4064 1113 4134 antiquis
1125 4065 1213 4135 poetis
1226 4068 1323 4119 contra

195 4146 307 4202 fastidia
324 4147 478 4217 aequalium
492 4165 571 4219 opem
584 4148 662 4216 ierat,
680 4149 722 4203 vir
739 4149 786 4204 ille
804 4149 979 4205 doctissimus
997 4149 1079 4204 verba
1097 4156 1145 4216 „ut
1162 4155 1232 4204 esset
1243 4166 1322 4219 opem

196 4271 203 4287 .
222 4271 230 4286 .
248 4270 255 4285 .
273 4231 467 4290 doctissimus(
482 4233 518 4287 ad
536 4234 667 4289 Catonem
685 4236 770 4289 refert
793 4241 822 4289 et
838 4235 891 4290 hac
908 4252 937 4289 re
954 4235 1057 4290 bonum
1076 4251 1186 4289 sensum
1204 4233 1322 4289 exbibet
