2956 4822
633 268 844 333 -26-

171 445 298 498 exutum
321 460 389 500 esse
411 441 604 518 patrimonio.
650 438 726 499 Cum
749 440 830 498 enim
853 459 870 498 a
893 438 1085 515 temporibus
1108 437 1243 497 Sullanis
1267 437 1309 497 ad

172 542 252 601 hanc
275 549 425 620 aetatem,
456 564 516 619 qua
545 544 678 620 priorem
701 543 867 601 satirarum
888 542 1003 601 librum
1025 539 1125 599 edidit
1147 541 1309 618 Horatius,

172 644 256 704 haud
290 646 387 706 multo
421 647 526 724 plures
556 666 647 721 quam
676 645 883 721 quadraginta
913 645 985 703 anni
1012 644 1109 721 elapsi
1142 645 1216 720 sint,
1243 663 1306 702 non

171 749 302 807 multum
325 770 343 809 a
364 769 437 809 vero
461 748 682 824 aberrabimus,
705 750 732 806 si
753 748 849 824 illum,
879 748 931 823 qui
954 745 1090 805 Sullanis
1113 745 1309 824 temporibus

171 851 308 929 pupillus
331 851 400 928 fuit,
433 861 540 911 natum
572 854 654 911 inter
677 871 773 911 annos
797 852 839 910 90
861 856 893 910 01
915 851 956 909 85
979 849 1034 909 illo
1057 858 1211 927 tempore,
1244 868 1308 925 quo

171 953 320 1015 Horatius
344 955 423 1014 hanc
446 957 573 1015 satiram
596 956 730 1033 scripsit,
754 955 1044 1030 quinquagesimum
1066 972 1180 1012 annum
1202 953 1307 1028 egisse

173 1067 228 1117 aut
256 1077 318 1116 non
340 1058 436 1117 multo
464 1059 610 1116 maiorem
632 1055 729 1116 fuisse
753 1063 933 1115 statuamus.
977 1055 1037 1115 His
1067 1057 1094 1114 si
1118 1053 1307 1132 adiunxeris,

172 1160 253 1235 quod
270 1159 435 1220 Suetonius
451 1160 548 1219 tradit
563 1161 679 1220 vixisse
697 1158 845 1219 Catonem
860 1159 900 1217 ad
916 1166 1085 1219 extremam
1103 1162 1306 1233 senectutem,

171 1263 238 1322 sine
269 1265 393 1339 negotio
424 1262 557 1340 efficies,
587 1263 670 1322 hunc
703 1264 940 1339 grammaticum
961 1261 1087 1320 Horatii
1110 1260 1306 1338 temporibus

171 1372 204 1424 et
231 1366 264 1423 in
286 1367 368 1425 vivis
400 1365 496 1425 fuisse
527 1372 559 1426 et
580 1371 683 1425 aetate
713 1386 774 1424 non
796 1363 962 1425 admodum
983 1369 1166 1443 provectum
1188 1362 1306 1422 Lucilii

175 1487 269 1544 opera
291 1466 457 1528 defendere
480 1475 573 1544 atque
596 1469 759 1528 emendare
781 1469 929 1546 potuisse.

257 1571 277 1648 ξ
302 1572 350 1634 13.
392 1572 459 1630 Iam
488 1574 520 1630 in
543 1592 579 1631 00
609 1580 671 1649 001,
703 1578 738 1629 01
756 1572 800 1630 ad
830 1571 969 1647 singula,
1002 1589 1082 1646 quae
1112 1568 1150 1628 de
1175 1567 1308 1628 Catonis

171 1671 284 1733 studiis
316 1674 433 1733 tradita
466 1682 554 1751 sunt,
584 1673 767 1752 exponenda
795 1675 1000 1750 accingamur.
1044 1673 1307 1748 Antiquissimum

172 1775 210 1836 de
250 1776 365 1835 Lucilii
401 1779 508 1837 satiris
546 1778 755 1836 testimonium
792 1781 896 1836 exstat
933 1775 1017 1852 apud
1054 1774 1235 1834 Suetonium
1266 1773 1309 1834 de

169 1898 296 1956 gramm.
319 1880 354 1937 2:
391 1880 525 1956 ,primus
548 1879 653 1956 igitur,
677 1885 826 1954 quantum
849 1880 1017 1956 opinamur,
1040 1877 1178 1936 studium
1200 1896 1306 1953 gram-

170 1983 302 2041 maticae
332 1982 364 2038 in
386 1982 496 2042 urbem
518 1982 625 2041 intulit
648 1981 758 2040 Crates
781 1980 934 2059 Mallotes,
957 1981 1132 2040 Aristarchi
1155 1980 1307 2058 aequalis,

170 2085 223 2160 qni
255 2085 368 2143 missus
398 2083 438 2142 ad
467 2092 610 2144 senatum
641 2085 680 2142 ab
711 2084 818 2144 Attalo
850 2104 924 2162 rege
956 2086 1038 2144 inter
1066 2083 1236 2144 secundum
1267 2104 1308 2144 ac

170 2188 297 2246 tertium
319 2187 472 2246 Punicum
501 2187 615 2245 bellum
637 2187 695 2246 sub
728 2188 828 2264 ipsam
850 2188 945 2246 Ennii
969 2194 1099 2246 mortem
1124 2232 1284 2246 ......

171 2290 296 2349 assidue
306 2288 454 2349 disseruit
470 2309 505 2348 ac
521 2291 636 2349 nostris
652 2290 791 2368 exemplo
810 2289 870 2349 fuit
882 2291 921 2350 ad
937 2290 1137 2364 imitandum3
1152 2289 1307 2349 hactenus

171 2408 276 2452 tamen
298 2394 421 2469 imitati,
444 2398 479 2450 ut
502 2395 639 2452 carmina
661 2413 770 2470 parum
793 2392 894 2452 adhuc
918 2393 1080 2470 divulgata
1103 2392 1154 2451 vel
1176 2390 1305 2451 defunc-

171 2499 273 2554 torum
288 2497 456 2554 amicorum
478 2495 529 2554 vel
552 2497 578 2554 si
602 2515 731 2570 quorum
753 2496 882 2554 aliorum
905 2496 1097 2573 probassent,
1121 2494 1308 2571 diligentius

171 2603 377 2657 retractarent
407 2618 443 2657 ac
472 2597 603 2672 legendo
634 2599 929 2673 commentandoque
959 2600 1054 2658 etiam
1087 2600 1199 2658 ceteris
1228 2607 1306 2658 nota

171 2698 326 2775 facerent;
356 2708 392 2760 ut
423 2700 455 2761 Ο.
479 2700 630 2760 Octavius
652 2701 824 2778 Lampadio
854 2701 967 2761 Naevii
997 2702 1149 2760 Punicum
1179 2700 1306 2779 bellum,

172 2803 255 2879 quod
285 2823 345 2863 uno
375 2804 530 2862 volumine
563 2812 594 2862 et
625 2805 796 2863 continenti
818 2805 973 2882 scriptura
995 2805 1171 2885 expositum
1194 2804 1307 2864 divisit

171 2907 202 2964 in
226 2912 345 2982 septem
368 2905 480 2981 libros;
512 2912 548 2964 ut
577 2913 686 2983 postea
708 2906 918 2982 Vargunteius
942 2894 1069 2964 annales
1091 2907 1192 2982 Ennii,
1225 2926 1306 2982 qnos

171 3010 265 3068 certis
296 3009 406 3068 diebus
436 3009 468 3066 in
503 3029 615 3084 magna
644 3006 820 3084 frequentia
850 3008 1086 3085 pronuntiabam
1117 3018 1153 3068 ut
1174 3009 1305 3069 Laelius

171 3111 344 3171 Archelaus
365 3111 552 3186 Vettiusque
567 3111 764 3171 Philocomus
779 3110 893 3170 Lucilii
915 3118 1038 3170 saturas
1060 3110 1222 3171 familiaris
1245 3114 1306 3190 sni,

173 3233 249 3289 quas
278 3214 392 3291 legisse
422 3233 455 3274 se
491 3213 574 3291 apud
604 3213 791 3273 Archelaum
827 3206 993 3291 Pompeius
1023 3214 1181 3292 Ιο00000,
1219 3214 1304 3339 apud

171 3315 384 3376 Philocomum
407 3316 603 3376 Valerius
627 3315 726 3377 Cato
749 3317 957 3394 praedicant.“

257 3419 305 3477 Ex
320 3419 378 3478 hoo
394 3420 570 3479 testimonio
594 3425 677 3478 00110
700 3422 840 3480 conicere
862 3421 936 3479 licet
958 3418 1015 3479 Cat
1003 3429 1106 3479 tonem
1127 3439 1189 3478 non
1212 3420 1303 3480 modo

172 3521 292 3580 Lucilio
314 3522 460 3598 legendo,
490 3522 544 3581 sed
574 3524 668 3581 etiam
697 3529 822 3600 postero
844 3532 981 3600 tempore
1003 3524 1076 3583 huic
1098 3530 1208 3600 poetae
1232 3522 1302 3581 dili-

172 3626 297 3701 gentius
328 3626 523 3685 retractando
557 3646 681 3704 operam
705 3625 843 3703 dedisse,
874 3632 910 3685 ut
932 3624 1065 3685 fortasse
1087 3646 1149 3684 non
1171 3627 1303 3684 multum

172 3748 190 3787 a
219 3746 293 3786 vero
318 3727 510 3806 aberremuS,
541 3731 568 3788 si
598 3749 668 3788 eum
701 3729 824 3805 quando
847 3729 961 3787 Lucilii
991 3734 1133 3806 poemata
1157 3729 1304 3789 sordibus

171 3831 321 3889 abstersis
344 3831 555 3891 emendatiora
577 3838 609 3890 et
632 3833 822 3908 elegantiora
838 3831 1019 3908 aequalibus
1042 3833 1107 3890 suis
1123 3831 1304 3891 exhibuisse

171 3940 352 3992 statuamus.
397 3931 486 4003 Quod
516 3933 667 4009 quomodo
696 3932 821 4011 fecerit,
849 3935 1019 4010 nescimus,
1053 3933 1304 4008 quandoquidem

172 4035 210 4093 de
241 4035 300 4094 hac
330 4054 363 4093 re
392 4043 491 4111 neque
523 4036 605 4112 apud
632 4035 811 4095 Suetonium
841 4055 941 4111 neque
964 4055 1093 4111 usquam
1116 4036 1190 4094 alibi
1213 4034 1303 4111 quid-

171 4158 262 4214 quam
294 4139 457 4197 memoriae
487 4138 644 4216 proditum
680 4140 861 4197 invenimus.
914 4137 995 4209 Quin
1025 4145 1128 4198 autem
1158 4158 1192 4197 re
1229 4157 1305 4196 vera

171 4239 284 4298 Lucilii
307 4260 400 4318 opera
430 4242 612 4318 correxerit,
644 4241 722 4298 nihil
746 4246 794 4300 est
826 4260 881 4299 cur
912 4241 1096 4300 dubitemus.
1141 4239 1303 4311 Quendam
